timestamp,buyer,seller,symbol,currency,trade_price,quantity,day,mid_price,counterparty,side
0,Caesar,Paris,CROISSANTS,SEASHELLS,4265.0,8,2,4265.5,Caesar,buy
100,Charlie,Paris,RAINFOREST_RESIN,SEASHELLS,9999.0,1,2,9995.5,Charlie,buy
200,Paris,Caesar,CROISSANTS,SEASHELLS,4266.0,8,2,4265.5,Paris,buy
200,Paris,Caesar,JAMS,SEASHELLS,6520.0,7,2,6519.5,Paris,buy
200,Paris,Charlie,KELP,SEASHELLS,2046.0,1,2,2046.5,Paris,buy
200,Paris,Charlie,SQUID_INK,SEASHELLS,1803.0,1,2,1803.5,Paris,buy
300,Charlie,Paris,KELP,SEASHELLS,2044.0,1,2,2045.5,Charlie,buy
300,Charlie,Paris,SQUID_INK,SEASHELLS,1801.0,1,2,1802.5,Charlie,buy
500,Paris,Charlie,KELP,SEASHELLS,2047.0,2,2,2045.5,Paris,buy
500,Paris,Charlie,SQUID_INK,SEASHELLS,1804.0,2,2,1802.5,Paris,buy
600,Paris,Caesar,CROISSANTS,SEASHELLS,4266.0,5,2,4265.0,Paris,buy
700,Charlie,Gina,RAINFOREST_RESIN,SEASHELLS,9997.0,9,2,9994.5,Charlie,buy
900,Charlie,Gary,KELP,SEASHELLS,2043.0,8,2,2045.0,Charlie,buy
900,Charlie,Pablo,RAINFOREST_RESIN,SEASHELLS,9998.0,4,2,9995.0,Charlie,buy
900,Charlie,Gary,SQUID_INK,SEASHELLS,1803.0,8,2,1804.5,Charlie,buy
1000,Paris,Caesar,JAMS,SEASHELLS,6522.0,4,2,6521.0,Paris,buy
1200,Caesar,Paris,JAMS,SEASHELLS,6521.0,9,2,6522.0,Caesar,buy
1200,Camilla,Paris,KELP,SEASHELLS,2043.0,1,2,2045.0,Camilla,buy
1200,Camilla,Paris,SQUID_INK,SEASHELLS,1804.0,1,2,1805.5,Camilla,buy
1300,Pablo,Camilla,PICNIC_BASKET1,SEASHELLS,58732.0,6,2,58732.5,Pablo,buy
1300,Pablo,Camilla,PICNIC_BASKET2,SEASHELLS,30114.0,6,2,30114.5,Pablo,buy
1300,Paris,Camilla,RAINFOREST_RESIN,SEASHELLS,10003.0,1,2,9997.5,Paris,buy
1500,Charlie,Paris,KELP,SEASHELLS,2044.0,1,2,2043.5,Charlie,buy
1500,Caesar,Paris,MAGNIFICENT_MACARONS,SEASHELLS,660.0,5,2,664.0,Caesar,buy
1500,Charlie,Paris,SQUID_INK,SEASHELLS,1804.0,1,2,1805.5,Charlie,buy
1600,Caesar,Paris,CROISSANTS,SEASHELLS,4267.0,8,2,4268.0,Caesar,buy
1700,Paris,Caesar,DJEMBES,SEASHELLS,13417.0,3,2,13416.5,Paris,buy
2000,Caesar,Paris,DJEMBES,SEASHELLS,13415.0,2,2,13416.0,Caesar,buy
2000,Charlie,Camilla,SQUID_INK,SEASHELLS,1806.0,1,2,1805.5,Charlie,buy
2100,Penelope,Charlie,RAINFOREST_RESIN,SEASHELLS,10008.0,4,2,10000.0,Penelope,buy
2300,Caesar,Paris,DJEMBES,SEASHELLS,13416.0,2,2,13416.5,Caesar,buy
2400,Paris,Charlie,MAGNIFICENT_MACARONS,SEASHELLS,684.0,4,2,679.5,Paris,buy
2500,Paris,Caesar,JAMS,SEASHELLS,6522.0,6,2,6521.0,Paris,buy
2800,Caesar,Paris,JAMS,SEASHELLS,6520.0,9,2,6521.0,Caesar,buy
2900,Caesar,Paris,JAMS,SEASHELLS,6520.0,10,2,6521.0,Caesar,buy
3200,Paris,Camilla,KELP,SEASHELLS,2045.0,2,2,2044.0,Paris,buy
3200,Paris,Camilla,SQUID_INK,SEASHELLS,1807.0,2,2,1806.5,Paris,buy
3500,Charlie,Camilla,SQUID_INK,SEASHELLS,1807.0,1,2,1806.5,Charlie,buy
3500,Camilla,Caesar,VOLCANIC_ROCK_VOUCHER_10000,SEASHELLS,234.0,14,2,234.0,Camilla,buy
3500,Caesar,Caesar,VOLCANIC_ROCK_VOUCHER_10000,SEASHELLS,234.0,2,2,234.0,Caesar,buy
3500,Camilla,Caesar,VOLCANIC_ROCK_VOUCHER_10250,SEASHELLS,64.0,14,2,64.0,Camilla,buy
3500,Caesar,Caesar,VOLCANIC_ROCK_VOUCHER_10250,SEASHELLS,64.0,2,2,64.0,Caesar,buy
3500,Camilla,Caesar,VOLCANIC_ROCK_VOUCHER_10500,SEASHELLS,9.0,14,2,9.0,Camilla,buy
3500,Caesar,Caesar,VOLCANIC_ROCK_VOUCHER_10500,SEASHELLS,9.0,2,2,9.0,Caesar,buy
3500,Camilla,Caesar,VOLCANIC_ROCK_VOUCHER_9500,SEASHELLS,722.0,14,2,722.0,Camilla,buy
3500,Caesar,Caesar,VOLCANIC_ROCK_VOUCHER_9500,SEASHELLS,722.0,2,2,722.0,Caesar,buy
3500,Camilla,Caesar,VOLCANIC_ROCK_VOUCHER_9750,SEASHELLS,473.0,14,2,473.0,Camilla,buy
3500,Caesar,Caesar,VOLCANIC_ROCK_VOUCHER_9750,SEASHELLS,473.0,2,2,473.0,Caesar,buy
3700,Charlie,Pablo,KELP,SEASHELLS,2044.0,5,2,2043.5,Charlie,buy
3700,Charlie,Pablo,SQUID_INK,SEASHELLS,1807.0,5,2,1806.5,Charlie,buy
3900,Caesar,Peter,VOLCANIC_ROCK,SEASHELLS,10217.0,10,2,10217.5,Caesar,buy
4200,Camilla,Pablo,VOLCANIC_ROCK_VOUCHER_10000,SEASHELLS,227.0,7,2,227.5,Camilla,buy
4200,Camilla,Pablo,VOLCANIC_ROCK_VOUCHER_10250,SEASHELLS,61.0,7,2,61.5,Camilla,buy
4200,Camilla,Pablo,VOLCANIC_ROCK_VOUCHER_10500,SEASHELLS,8.0,7,2,8.5,Camilla,buy
4200,Camilla,Pablo,VOLCANIC_ROCK_VOUCHER_9500,SEASHELLS,714.0,7,2,714.5,Camilla,buy
4200,Camilla,Pablo,VOLCANIC_ROCK_VOUCHER_9750,SEASHELLS,465.0,7,2,465.5,Camilla,buy
4500,Charlie,Pablo,RAINFOREST_RESIN,SEASHELLS,9998.0,3,2,9995.0,Charlie,buy
4600,Caesar,Camilla,JAMS,SEASHELLS,6523.0,10,2,6523.5,Caesar,buy
4600,Paris,Charlie,KELP,SEASHELLS,2046.0,1,2,2046.5,Paris,buy
4600,Paris,Charlie,SQUID_INK,SEASHELLS,1804.0,1,2,1804.5,Paris,buy
4700,Penelope,Charlie,KELP,SEASHELLS,2047.0,4,2,2045.5,Penelope,buy
4700,Penelope,Charlie,SQUID_INK,SEASHELLS,1805.0,4,2,1803.5,Penelope,buy
4800,Charlie,Gary,RAINFOREST_RESIN,SEASHELLS,9992.0,7,2,10000.0,Charlie,buy
4800,Penelope,Camilla,VOLCANIC_ROCK_VOUCHER_10000,SEASHELLS,232.0,15,2,231.5,Penelope,buy
4800,Penelope,Camilla,VOLCANIC_ROCK_VOUCHER_9500,SEASHELLS,717.0,15,2,716.5,Penelope,buy
4800,Penelope,Camilla,VOLCANIC_ROCK_VOUCHER_9750,SEASHELLS,468.0,15,2,467.5,Penelope,buy
4900,Caesar,Camilla,DJEMBES,SEASHELLS,13421.0,7,2,13421.5,Caesar,buy
4900,Paris,Charlie,KELP,SEASHELLS,2047.0,2,2,2045.5,Paris,buy
4900,Paris,Charlie,SQUID_INK,SEASHELLS,1806.0,2,2,1804.5,Paris,buy
5000,Caesar,Camilla,CROISSANTS,SEASHELLS,4267.0,4,2,4267.5,Caesar,buy
5100,Paris,Camilla,RAINFOREST_RESIN,SEASHELLS,10003.0,2,2,9997.5,Paris,buy
5300,Charlie,Penelope,RAINFOREST_RESIN,SEASHELLS,9992.0,7,2,10000.0,Charlie,buy
5400,Charlie,Pablo,KELP,SEASHELLS,2044.0,5,2,2045.0,Charlie,buy
5400,Caesar,Caesar,VOLCANIC_ROCK,SEASHELLS,10220.0,7,2,10220.5,Caesar,buy
5500,Caesar,Camilla,JAMS,SEASHELLS,6522.0,4,2,6523.0,Caesar,buy
5700,Gary,Charlie,KELP,SEASHELLS,2047.0,14,2,2045.5,Gary,buy
5700,Caesar,Pablo,PICNIC_BASKET1,SEASHELLS,58704.0,1,2,58708.0,Caesar,buy
5700,Camilla,Pablo,PICNIC_BASKET1,SEASHELLS,58703.0,1,2,58708.0,Camilla,buy
5700,Camilla,Pablo,PICNIC_BASKET2,SEASHELLS,30091.0,2,2,30093.5,Camilla,buy
5700,Gary,Charlie,SQUID_INK,SEASHELLS,1808.0,14,2,1806.5,Gary,buy
5800,Gary,Charlie,KELP,SEASHELLS,2047.0,14,2,2045.5,Gary,buy
5800,Gary,Charlie,SQUID_INK,SEASHELLS,1808.0,14,2,1806.5,Gary,buy
5900,Gary,Charlie,KELP,SEASHELLS,2047.0,12,2,2046.0,Gary,buy
5900,Pablo,Paris,KELP,SEASHELLS,2045.0,1,2,2046.0,Pablo,buy
5900,Gary,Charlie,SQUID_INK,SEASHELLS,1809.0,12,2,1808.0,Gary,buy
5900,Pablo,Paris,SQUID_INK,SEASHELLS,1807.0,1,2,1808.0,Pablo,buy
6100,Caesar,Paris,DJEMBES,SEASHELLS,13419.0,5,2,13419.5,Caesar,buy
6100,Charlie,Pablo,KELP,SEASHELLS,2044.0,5,2,2045.0,Charlie,buy
6100,Gary,Camilla,KELP,SEASHELLS,2046.0,8,2,2045.0,Gary,buy
6100,Gary,Pablo,SQUID_INK,SEASHELLS,1806.0,5,2,1805.5,Gary,buy
6100,Caesar,Caesar,VOLCANIC_ROCK,SEASHELLS,10223.0,10,2,10224.0,Caesar,buy
6200,Caesar,Camilla,JAMS,SEASHELLS,6524.0,3,2,6525.0,Caesar,buy
6300,Paris,Charlie,RAINFOREST_RESIN,SEASHELLS,10001.0,1,2,10002.0,Paris,buy
6400,Paris,Caesar,CROISSANTS,SEASHELLS,4266.0,8,2,4265.5,Paris,buy
6400,Paris,Pablo,RAINFOREST_RESIN,SEASHELLS,10001.0,1,2,10004.5,Paris,buy
6600,Charlie,Paris,RAINFOREST_RESIN,SEASHELLS,9999.0,1,2,9998.0,Charlie,buy
6800,Caesar,Paris,JAMS,SEASHELLS,6525.0,5,2,6526.0,Caesar,buy
6800,Penelope,Charlie,RAINFOREST_RESIN,SEASHELLS,10008.0,4,2,10000.0,Penelope,buy
6900,Paris,Caesar,DJEMBES,SEASHELLS,13417.0,2,2,13416.5,Paris,buy
7000,Penelope,Camilla,VOLCANIC_ROCK_VOUCHER_10000,SEASHELLS,241.0,15,2,240.5,Penelope,buy
7000,Penelope,Camilla,VOLCANIC_ROCK_VOUCHER_9500,SEASHELLS,726.0,15,2,725.0,Penelope,buy
7000,Penelope,Camilla,VOLCANIC_ROCK_VOUCHER_9750,SEASHELLS,477.0,15,2,476.5,Penelope,buy
7100,Caesar,Camilla,CROISSANTS,SEASHELLS,4266.0,7,2,4267.0,Caesar,buy
7200,Caesar,Camilla,CROISSANTS,SEASHELLS,4267.0,5,2,4268.0,Caesar,buy
7300,Caesar,Paris,JAMS,SEASHELLS,6526.0,8,2,6527.0,Caesar,buy
7300,Paris,Penelope,RAINFOREST_RESIN,SEASHELLS,10001.0,1,2,10004.5,Paris,buy
7400,Charlie,Paris,KELP,SEASHELLS,2044.0,1,2,2045.5,Charlie,buy
7400,Charlie,Paris,SQUID_INK,SEASHELLS,1807.0,1,2,1808.5,Charlie,buy
7500,Paris,Caesar,JAMS,SEASHELLS,6527.0,7,2,6526.5,Paris,buy
7600,Camilla,Caesar,VOLCANIC_ROCK_VOUCHER_10000,SEASHELLS,238.0,13,2,238.5,Camilla,buy
7600,Camilla,Caesar,VOLCANIC_ROCK_VOUCHER_10250,SEASHELLS,67.0,13,2,67.5,Camilla,buy
7600,Camilla,Caesar,VOLCANIC_ROCK_VOUCHER_10500,SEASHELLS,9.0,13,2,9.5,Camilla,buy
7600,Camilla,Caesar,VOLCANIC_ROCK_VOUCHER_9500,SEASHELLS,727.0,13,2,727.5,Camilla,buy
7600,Camilla,Caesar,VOLCANIC_ROCK_VOUCHER_9750,SEASHELLS,478.0,13,2,478.5,Camilla,buy
7800,Paris,Charlie,KELP,SEASHELLS,2046.0,1,2,2046.5,Paris,buy
7800,Paris,Charlie,SQUID_INK,SEASHELLS,1810.0,1,2,1810.5,Paris,buy
7900,Caesar,Paris,CROISSANTS,SEASHELLS,4267.0,8,2,4268.0,Caesar,buy
7900,Caesar,Paris,JAMS,SEASHELLS,6526.0,5,2,6526.5,Caesar,buy
8000,Camilla,Camilla,MAGNIFICENT_MACARONS,SEASHELLS,667.0,2,2,668.5,Camilla,buy
8200,Caesar,Paris,JAMS,SEASHELLS,6524.0,5,2,6524.5,Caesar,buy
8600,Paris,Charlie,MAGNIFICENT_MACARONS,SEASHELLS,658.0,6,2,653.5,Paris,buy
8900,Pablo,Caesar,PICNIC_BASKET1,SEASHELLS,58772.0,2,2,58772.5,Pablo,buy
8900,Pablo,Camilla,PICNIC_BASKET1,SEASHELLS,58772.0,1,2,58772.5,Pablo,buy
8900,Pablo,Camilla,PICNIC_BASKET2,SEASHELLS,30105.0,3,2,30105.5,Pablo,buy
9000,Penelope,Camilla,RAINFOREST_RESIN,SEASHELLS,10003.0,8,2,9997.5,Penelope,buy
9100,Caesar,Penelope,PICNIC_BASKET1,SEASHELLS,58767.0,1,2,58771.5,Caesar,buy
9100,Camilla,Penelope,PICNIC_BASKET2,SEASHELLS,30099.0,9,2,30102.0,Camilla,buy
9200,Pablo,Caesar,VOLCANIC_ROCK,SEASHELLS,10227.0,1,2,10226.5,Pablo,buy
9300,Caesar,Camilla,JAMS,SEASHELLS,6525.0,9,2,6525.5,Caesar,buy
9300,Charlie,Pablo,RAINFOREST_RESIN,SEASHELLS,9992.0,5,2,10000.0,Charlie,buy
9300,Peter,Caesar,VOLCANIC_ROCK,SEASHELLS,10226.0,10,2,10225.5,Peter,buy
9400,Charlie,Paris,KELP,SEASHELLS,2044.0,1,2,2045.5,Charlie,buy
9400,Caesar,Paris,MAGNIFICENT_MACARONS,SEASHELLS,652.0,5,2,656.5,Caesar,buy
9400,Charlie,Paris,SQUID_INK,SEASHELLS,1809.0,1,2,1808.5,Charlie,buy
9400,Camilla,Pablo,VOLCANIC_ROCK_VOUCHER_10000,SEASHELLS,234.0,10,2,234.0,Camilla,buy
9400,Camilla,Pablo,VOLCANIC_ROCK_VOUCHER_10250,SEASHELLS,65.0,10,2,65.0,Camilla,buy
9400,Camilla,Pablo,VOLCANIC_ROCK_VOUCHER_10500,SEASHELLS,9.0,10,2,9.0,Camilla,buy
9400,Camilla,Pablo,VOLCANIC_ROCK_VOUCHER_9500,SEASHELLS,722.0,10,2,722.0,Camilla,buy
9400,Camilla,Pablo,VOLCANIC_ROCK_VOUCHER_9750,SEASHELLS,474.0,10,2,474.0,Camilla,buy
9600,Paris,Paris,KELP,SEASHELLS,2046.0,1,2,2046.5,Paris,buy
9600,Paris,Paris,SQUID_INK,SEASHELLS,1809.0,1,2,1809.5,Paris,buy
9800,Paris,Caesar,DJEMBES,SEASHELLS,13418.0,4,2,13417.5,Paris,buy
9800,Caesar,Peter,VOLCANIC_ROCK,SEASHELLS,10222.0,8,2,10222.5,Caesar,buy
9900,Paris,Caesar,JAMS,SEASHELLS,6521.0,5,2,6520.0,Paris,buy
9900,Paris,Caesar,KELP,SEASHELLS,2046.0,1,2,2044.5,Paris,buy
9900,Charlie,Caesar,KELP,SEASHELLS,2045.0,5,2,2044.5,Charlie,buy
9900,Paris,Caesar,SQUID_INK,SEASHELLS,1807.0,1,2,1805.5,Paris,buy
9900,Charlie,Caesar,SQUID_INK,SEASHELLS,1806.0,5,2,1805.5,Charlie,buy
10000,Caesar,Paris,CROISSANTS,SEASHELLS,4269.0,8,2,4269.5,Caesar,buy
10100,Paris,Caesar,JAMS,SEASHELLS,6519.0,4,2,6518.0,Paris,buy
10300,Caesar,Paris,DJEMBES,SEASHELLS,13416.0,3,2,13416.5,Caesar,buy
10300,Charlie,Pablo,RAINFOREST_RESIN,SEASHELLS,9998.0,5,2,9995.0,Charlie,buy
10400,Caesar,Peter,VOLCANIC_ROCK,SEASHELLS,10219.0,10,2,10219.5,Caesar,buy
10500,Camilla,Paris,KELP,SEASHELLS,2044.0,2,2,2045.5,Camilla,buy
10500,Camilla,Paris,SQUID_INK,SEASHELLS,1803.0,2,2,1804.5,Camilla,buy
10600,Paris,Camilla,KELP,SEASHELLS,2046.0,1,2,2045.5,Paris,buy
10600,Paris,Camilla,SQUID_INK,SEASHELLS,1803.0,1,2,1802.5,Paris,buy
10600,Caesar,Camilla,SQUID_INK,SEASHELLS,1803.0,4,2,1802.5,Caesar,buy
10600,Peter,Caesar,VOLCANIC_ROCK,SEASHELLS,10215.0,10,2,10214.0,Peter,buy
10800,Caesar,Paris,JAMS,SEASHELLS,6517.0,8,2,6517.5,Caesar,buy
11200,Caesar,Caesar,VOLCANIC_ROCK,SEASHELLS,10214.0,8,2,10215.0,Caesar,buy
11300,Pablo,Charlie,RAINFOREST_RESIN,SEASHELLS,10008.0,5,2,10000.0,Pablo,buy
11700,Charlie,Caesar,KELP,SEASHELLS,2045.0,3,2,2044.5,Charlie,buy
11700,Charlie,Caesar,SQUID_INK,SEASHELLS,1800.0,3,2,1799.5,Charlie,buy
11700,Caesar,Caesar,VOLCANIC_ROCK,SEASHELLS,10207.0,7,2,10207.5,Caesar,buy
12100,Paris,Caesar,DJEMBES,SEASHELLS,13421.0,1,2,13420.5,Paris,buy
12100,Paris,Camilla,KELP,SEASHELLS,2046.0,1,2,2045.0,Paris,buy
12100,Paris,Paris,MAGNIFICENT_MACARONS,SEASHELLS,630.0,5,2,627.5,Paris,buy
12100,Paris,Camilla,SQUID_INK,SEASHELLS,1804.0,1,2,1803.0,Paris,buy
12200,Camilla,Paris,KELP,SEASHELLS,2044.0,1,2,2045.5,Camilla,buy
12200,Camilla,Paris,SQUID_INK,SEASHELLS,1802.0,1,2,1803.5,Camilla,buy
12300,Charlie,Pablo,KELP,SEASHELLS,2044.0,3,2,2045.5,Charlie,buy
12300,Charlie,Pablo,SQUID_INK,SEASHELLS,1802.0,3,2,1803.5,Charlie,buy
12400,Charlie,Paris,KELP,SEASHELLS,2044.0,1,2,2045.5,Charlie,buy
12400,Charlie,Paris,SQUID_INK,SEASHELLS,1801.0,1,2,1802.5,Charlie,buy
12500,Camilla,Caesar,VOLCANIC_ROCK_VOUCHER_10000,SEASHELLS,215.0,18,2,215.5,Camilla,buy
12500,Camilla,Caesar,VOLCANIC_ROCK_VOUCHER_10250,SEASHELLS,55.0,18,2,55.5,Camilla,buy
12500,Camilla,Caesar,VOLCANIC_ROCK_VOUCHER_10500,SEASHELLS,7.0,18,2,7.5,Camilla,buy
12500,Camilla,Caesar,VOLCANIC_ROCK_VOUCHER_9500,SEASHELLS,699.0,18,2,699.5,Camilla,buy
12500,Camilla,Caesar,VOLCANIC_ROCK_VOUCHER_9750,SEASHELLS,451.0,18,2,451.5,Camilla,buy
12700,Caesar,Paris,CROISSANTS,SEASHELLS,4266.0,7,2,4267.0,Caesar,buy
12900,Penelope,Charlie,KELP,SEASHELLS,2048.0,6,2,2047.0,Penelope,buy
12900,Penelope,Charlie,SQUID_INK,SEASHELLS,1804.0,6,2,1803.5,Penelope,buy
13000,Caesar,Camilla,JAMS,SEASHELLS,6527.0,8,2,6528.0,Caesar,buy
13200,Caesar,Penelope,PICNIC_BASKET1,SEASHELLS,58793.0,1,2,58797.5,Caesar,buy
13200,Caesar,Penelope,PICNIC_BASKET2,SEASHELLS,30098.0,1,2,30100.5,Caesar,buy
13300,Paris,Caesar,JAMS,SEASHELLS,6529.0,8,2,6528.5,Paris,buy
13400,Peter,Caesar,VOLCANIC_ROCK,SEASHELLS,10200.0,10,2,10199.5,Peter,buy
13500,Pablo,Charlie,RAINFOREST_RESIN,SEASHELLS,10008.0,4,2,10000.0,Pablo,buy
13700,Caesar,Paris,CROISSANTS,SEASHELLS,4267.0,7,2,4267.5,Caesar,buy
13700,Pablo,Camilla,KELP,SEASHELLS,2047.0,3,2,2046.0,Pablo,buy
13700,Pablo,Camilla,SQUID_INK,SEASHELLS,1807.0,3,2,1806.0,Pablo,buy
13800,Charlie,Paris,RAINFOREST_RESIN,SEASHELLS,9999.0,1,2,9995.5,Charlie,buy
13900,Charlie,Paris,KELP,SEASHELLS,2045.0,1,2,2046.0,Charlie,buy
13900,Penelope,Camilla,KELP,SEASHELLS,2047.0,3,2,2046.0,Penelope,buy
13900,Charlie,Paris,SQUID_INK,SEASHELLS,1805.0,1,2,1806.0,Charlie,buy
13900,Penelope,Camilla,SQUID_INK,SEASHELLS,1807.0,3,2,1806.0,Penelope,buy
14000,Charlie,Penelope,KELP,SEASHELLS,2045.0,15,2,2046.5,Charlie,buy
14000,Paris,Charlie,RAINFOREST_RESIN,SEASHELLS,10008.0,2,2,10000.0,Paris,buy
14000,Charlie,Penelope,SQUID_INK,SEASHELLS,1804.0,15,2,1805.5,Charlie,buy
14100,Pablo,Charlie,KELP,SEASHELLS,2047.0,4,2,2047.5,Pablo,buy
14200,Caesar,Paris,CROISSANTS,SEASHELLS,4268.0,6,2,4268.5,Caesar,buy
14300,Caesar,Paris,JAMS,SEASHELLS,6529.0,5,2,6529.5,Caesar,buy
14400,Caesar,Camilla,CROISSANTS,SEASHELLS,4268.0,9,2,4268.5,Caesar,buy
14400,Paris,Caesar,JAMS,SEASHELLS,6530.0,6,2,6529.0,Paris,buy
14500,Charlie,Pablo,KELP,SEASHELLS,2046.0,5,2,2045.5,Charlie,buy
14500,Caesar,Pablo,SQUID_INK,SEASHELLS,1806.0,1,2,1805.5,Caesar,buy
14500,Charlie,Pablo,SQUID_INK,SEASHELLS,1806.0,4,2,1805.5,Charlie,buy
14700,Paris,Caesar,DJEMBES,SEASHELLS,13422.0,1,2,13421.0,Paris,buy
14700,Paris,Charlie,KELP,SEASHELLS,2047.0,1,2,2047.5,Paris,buy
14700,Paris,Charlie,SQUID_INK,SEASHELLS,1807.0,1,2,1807.5,Paris,buy
14800,Caesar,Camilla,CROISSANTS,SEASHELLS,4267.0,10,2,4267.5,Caesar,buy
15000,Caesar,Paris,CROISSANTS,SEASHELLS,4267.0,5,2,4267.5,Caesar,buy
15000,Paris,Charlie,KELP,SEASHELLS,2047.0,1,2,2047.5,Paris,buy
15000,Caesar,Caesar,VOLCANIC_ROCK,SEASHELLS,10197.0,6,2,10197.5,Caesar,buy
15000,Camilla,Caesar,VOLCANIC_ROCK_VOUCHER_10000,SEASHELLS,212.0,17,2,212.0,Camilla,buy
15000,Camilla,Caesar,VOLCANIC_ROCK_VOUCHER_10250,SEASHELLS,54.0,17,2,54.0,Camilla,buy
15000,Camilla,Caesar,VOLCANIC_ROCK_VOUCHER_10500,SEASHELLS,7.0,17,2,7.0,Camilla,buy
15000,Camilla,Caesar,VOLCANIC_ROCK_VOUCHER_9500,SEASHELLS,697.0,17,2,697.0,Camilla,buy
15000,Camilla,Caesar,VOLCANIC_ROCK_VOUCHER_9750,SEASHELLS,449.0,17,2,449.0,Camilla,buy
15200,Paris,Caesar,JAMS,SEASHELLS,6529.0,5,2,6528.0,Paris,buy
15200,Camilla,Pablo,KELP,SEASHELLS,2045.0,2,2,2046.5,Camilla,buy
15200,Charlie,Pablo,KELP,SEASHELLS,2045.0,1,2,2046.5,Charlie,buy
15200,Paris,Charlie,MAGNIFICENT_MACARONS,SEASHELLS,645.0,6,2,640.5,Paris,buy
15200,Camilla,Pablo,SQUID_INK,SEASHELLS,1803.0,2,2,1804.5,Camilla,buy
15200,Charlie,Pablo,SQUID_INK,SEASHELLS,1803.0,1,2,1804.5,Charlie,buy
15300,Caesar,Paris,RAINFOREST_RESIN,SEASHELLS,9999.0,1,2,10001.5,Caesar,buy
15500,Camilla,Paris,KELP,SEASHELLS,2045.0,1,2,2046.5,Camilla,buy
15500,Camilla,Paris,SQUID_INK,SEASHELLS,1804.0,1,2,1805.0,Camilla,buy
15800,Paris,Caesar,CROISSANTS,SEASHELLS,4267.0,7,2,4266.5,Paris,buy
16100,Camilla,Paris,KELP,SEASHELLS,2045.0,1,2,2046.5,Camilla,buy
16100,Camilla,Paris,SQUID_INK,SEASHELLS,1805.0,1,2,1806.0,Camilla,buy
16200,Caesar,Paris,DJEMBES,SEASHELLS,13421.0,4,2,13421.5,Caesar,buy
16200,Camilla,Caesar,PICNIC_BASKET2,SEASHELLS,30104.0,1,2,30103.0,Camilla,buy
16300,Paris,Camilla,KELP,SEASHELLS,2047.0,1,2,2046.0,Paris,buy
16300,Charlie,Paris,RAINFOREST_RESIN,SEASHELLS,9992.0,1,2,10000.0,Charlie,buy
16300,Paris,Camilla,SQUID_INK,SEASHELLS,1806.0,1,2,1805.5,Paris,buy
16400,Gary,Caesar,KELP,SEASHELLS,2048.0,1,2,2046.5,Gary,buy
16400,Gary,Charlie,KELP,SEASHELLS,2048.0,8,2,2046.5,Gary,buy
16400,Paris,Caesar,RAINFOREST_RESIN,SEASHELLS,10001.0,1,2,9996.0,Paris,buy
16400,Gary,Charlie,SQUID_INK,SEASHELLS,1806.0,9,2,1804.5,Gary,buy
16500,Paris,Charlie,MAGNIFICENT_MACARONS,SEASHELLS,663.0,6,2,660.5,Paris,buy
16600,Paris,Paris,RAINFOREST_RESIN,SEASHELLS,10001.0,1,2,10004.5,Paris,buy
16700,Caesar,Paris,DJEMBES,SEASHELLS,13425.0,3,2,13425.5,Caesar,buy
16700,Paris,Charlie,KELP,SEASHELLS,2048.0,2,2,2046.5,Paris,buy
16700,Charlie,Paris,RAINFOREST_RESIN,SEASHELLS,9992.0,1,2,10000.0,Charlie,buy
16700,Paris,Caesar,SQUID_INK,SEASHELLS,1807.0,2,2,1806.0,Paris,buy
16900,Paris,Caesar,CROISSANTS,SEASHELLS,4266.0,5,2,4265.5,Paris,buy
17300,Paris,Charlie,RAINFOREST_RESIN,SEASHELLS,10008.0,2,2,10000.0,Paris,buy
17300,Camilla,Pablo,VOLCANIC_ROCK_VOUCHER_10000,SEASHELLS,215.0,9,2,215.5,Camilla,buy
17300,Camilla,Pablo,VOLCANIC_ROCK_VOUCHER_10250,SEASHELLS,53.0,9,2,53.5,Camilla,buy
17300,Camilla,Pablo,VOLCANIC_ROCK_VOUCHER_10500,SEASHELLS,6.0,9,2,6.5,Camilla,buy
17300,Camilla,Pablo,VOLCANIC_ROCK_VOUCHER_9500,SEASHELLS,695.0,9,2,695.5,Camilla,buy
17300,Camilla,Pablo,VOLCANIC_ROCK_VOUCHER_9750,SEASHELLS,446.0,9,2,446.5,Camilla,buy
17900,Paris,Charlie,KELP,SEASHELLS,2047.0,1,2,2047.5,Paris,buy
17900,Paris,Charlie,MAGNIFICENT_MACARONS,SEASHELLS,665.0,5,2,660.5,Paris,buy
17900,Paris,Charlie,SQUID_INK,SEASHELLS,1804.0,1,2,1804.5,Paris,buy
17900,Camilla,Pablo,VOLCANIC_ROCK_VOUCHER_10000,SEASHELLS,216.0,14,2,216.5,Camilla,buy
17900,Camilla,Pablo,VOLCANIC_ROCK_VOUCHER_10250,SEASHELLS,54.0,14,2,54.5,Camilla,buy
17900,Camilla,Pablo,VOLCANIC_ROCK_VOUCHER_10500,SEASHELLS,7.0,14,2,7.5,Camilla,buy
17900,Camilla,Pablo,VOLCANIC_ROCK_VOUCHER_9500,SEASHELLS,698.0,14,2,698.5,Camilla,buy
17900,Camilla,Pablo,VOLCANIC_ROCK_VOUCHER_9750,SEASHELLS,449.0,14,2,449.5,Camilla,buy
18000,Paris,Paris,KELP,SEASHELLS,2047.0,1,2,2047.5,Paris,buy
18000,Paris,Paris,SQUID_INK,SEASHELLS,1805.0,1,2,1806.0,Paris,buy
18200,Paris,Paris,RAINFOREST_RESIN,SEASHELLS,10001.0,1,2,10004.5,Paris,buy
18500,Charlie,Penelope,RAINFOREST_RESIN,SEASHELLS,9992.0,6,2,9995.0,Charlie,buy
18600,Charlie,Paris,KELP,SEASHELLS,2045.0,1,2,2046.0,Charlie,buy
18600,Charlie,Paris,SQUID_INK,SEASHELLS,1795.0,1,2,1796.0,Charlie,buy
18700,Paris,Charlie,KELP,SEASHELLS,2047.0,1,2,2047.5,Paris,buy
18800,Paris,Caesar,DJEMBES,SEASHELLS,13424.0,4,2,13423.5,Paris,buy
19000,Caesar,Paris,CROISSANTS,SEASHELLS,4265.0,7,2,4265.5,Caesar,buy
19000,Paris,Camilla,KELP,SEASHELLS,2047.0,1,2,2045.0,Paris,buy
19000,Paris,Camilla,SQUID_INK,SEASHELLS,1799.0,1,2,1798.0,Paris,buy
19100,Caesar,Pablo,KELP,SEASHELLS,2045.0,1,2,2044.5,Caesar,buy
19100,Charlie,Pablo,KELP,SEASHELLS,2045.0,1,2,2044.5,Charlie,buy
19100,Charlie,Pablo,SQUID_INK,SEASHELLS,1796.0,2,2,1797.5,Charlie,buy
19200,Paris,Camilla,KELP,SEASHELLS,2046.0,1,2,2045.5,Paris,buy
19200,Paris,Camilla,SQUID_INK,SEASHELLS,1797.0,1,2,1796.0,Paris,buy
19300,Gary,Charlie,KELP,SEASHELLS,2048.0,10,2,2046.5,Gary,buy
19300,Penelope,Charlie,RAINFOREST_RESIN,SEASHELLS,10008.0,5,2,10000.0,Penelope,buy
19300,Gary,Charlie,SQUID_INK,SEASHELLS,1799.0,10,2,1797.5,Gary,buy
19400,Paris,Charlie,RAINFOREST_RESIN,SEASHELLS,10001.0,1,2,10004.5,Paris,buy
19400,Charlie,Paris,SQUID_INK,SEASHELLS,1796.0,1,2,1796.5,Charlie,buy
19400,Camilla,Caesar,VOLCANIC_ROCK_VOUCHER_10000,SEASHELLS,219.0,17,2,219.5,Camilla,buy
19400,Camilla,Caesar,VOLCANIC_ROCK_VOUCHER_10250,SEASHELLS,55.0,17,2,55.5,Camilla,buy
19400,Camilla,Caesar,VOLCANIC_ROCK_VOUCHER_10500,SEASHELLS,7.0,17,2,7.5,Camilla,buy
19400,Camilla,Caesar,VOLCANIC_ROCK_VOUCHER_9500,SEASHELLS,701.0,17,2,701.5,Camilla,buy
19400,Camilla,Caesar,VOLCANIC_ROCK_VOUCHER_9750,SEASHELLS,452.0,17,2,452.5,Camilla,buy
19500,Caesar,Paris,KELP,SEASHELLS,2045.0,1,2,2046.5,Caesar,buy
19500,Charlie,Paris,KELP,SEASHELLS,2045.0,1,2,2046.5,Charlie,buy
19500,Charlie,Paris,SQUID_INK,SEASHELLS,1792.0,2,2,1793.5,Charlie,buy
19600,Paris,Caesar,DJEMBES,SEASHELLS,13426.0,5,2,13425.5,Paris,buy
19700,Caesar,Paris,KELP,SEASHELLS,2045.0,1,2,2046.0,Caesar,buy
19700,Caesar,Penelope,KELP,SEASHELLS,2045.0,1,2,2046.0,Caesar,buy
19700,Charlie,Penelope,KELP,SEASHELLS,2045.0,14,2,2046.0,Charlie,buy
19700,Charlie,Paris,SQUID_INK,SEASHELLS,1795.0,1,2,1796.0,Charlie,buy
19700,Charlie,Penelope,SQUID_INK,SEASHELLS,1795.0,15,2,1796.0,Charlie,buy
19900,Caesar,Paris,CROISSANTS,SEASHELLS,4263.0,5,2,4264.0,Caesar,buy
19900,Paris,Pablo,RAINFOREST_RESIN,SEASHELLS,9998.0,1,2,9995.0,Paris,buy
20000,Paris,Caesar,DJEMBES,SEASHELLS,13439.0,1,2,13438.5,Paris,buy
20000,Paris,Camilla,KELP,SEASHELLS,2047.0,1,2,2046.0,Paris,buy
20000,Paris,Camilla,SQUID_INK,SEASHELLS,1796.0,1,2,1795.0,Paris,buy
20100,Paris,Charlie,KELP,SEASHELLS,2048.0,2,2,2046.5,Paris,buy
20100,Paris,Charlie,SQUID_INK,SEASHELLS,1796.0,2,2,1794.5,Paris,buy
20300,Paris,Caesar,CROISSANTS,SEASHELLS,4264.0,6,2,4263.5,Paris,buy
20300,Charlie,Paris,KELP,SEASHELLS,2045.0,1,2,2046.5,Charlie,buy
20300,Charlie,Gary,RAINFOREST_RESIN,SEASHELLS,9992.0,7,2,9996.0,Charlie,buy
20300,Charlie,Paris,SQUID_INK,SEASHELLS,1793.0,1,2,1794.5,Charlie,buy
20300,Caesar,Pablo,VOLCANIC_ROCK,SEASHELLS,10200.0,2,2,10201.5,Caesar,buy
20500,Camilla,Camilla,MAGNIFICENT_MACARONS,SEASHELLS,649.0,2,2,647.5,Camilla,buy
20800,Caesar,Paris,JAMS,SEASHELLS,6532.0,4,2,6533.0,Caesar,buy
21000,Penelope,Caesar,PICNIC_BASKET1,SEASHELLS,58805.0,2,2,58800.5,Penelope,buy
21000,Penelope,Caesar,PICNIC_BASKET2,SEASHELLS,30104.0,2,2,30101.5,Penelope,buy
21000,Camilla,Caesar,VOLCANIC_ROCK_VOUCHER_10000,SEASHELLS,217.0,12,2,217.5,Camilla,buy
21000,Camilla,Caesar,VOLCANIC_ROCK_VOUCHER_10250,SEASHELLS,55.0,12,2,55.5,Camilla,buy
21000,Camilla,Caesar,VOLCANIC_ROCK_VOUCHER_10500,SEASHELLS,7.0,12,2,7.5,Camilla,buy
21000,Camilla,Caesar,VOLCANIC_ROCK_VOUCHER_9500,SEASHELLS,701.0,12,2,701.5,Camilla,buy
21000,Camilla,Caesar,VOLCANIC_ROCK_VOUCHER_9750,SEASHELLS,452.0,12,2,452.5,Camilla,buy
21100,Paris,Caesar,DJEMBES,SEASHELLS,13444.0,5,2,13443.5,Paris,buy
21300,Paris,Charlie,KELP,SEASHELLS,2047.0,1,2,2047.5,Paris,buy
21300,Charlie,Paris,RAINFOREST_RESIN,SEASHELLS,9999.0,1,2,9995.5,Charlie,buy
21300,Paris,Charlie,SQUID_INK,SEASHELLS,1800.0,1,2,1800.5,Paris,buy
21300,Camilla,Caesar,VOLCANIC_ROCK_VOUCHER_10000,SEASHELLS,221.0,14,2,221.5,Camilla,buy
21300,Camilla,Caesar,VOLCANIC_ROCK_VOUCHER_10250,SEASHELLS,57.0,14,2,57.5,Camilla,buy
21300,Camilla,Caesar,VOLCANIC_ROCK_VOUCHER_10500,SEASHELLS,7.0,14,2,7.5,Camilla,buy
21300,Camilla,Caesar,VOLCANIC_ROCK_VOUCHER_9500,SEASHELLS,706.0,14,2,706.5,Camilla,buy
21300,Camilla,Caesar,VOLCANIC_ROCK_VOUCHER_9750,SEASHELLS,457.0,14,2,457.5,Camilla,buy
21400,Camilla,Penelope,VOLCANIC_ROCK_VOUCHER_10000,SEASHELLS,218.0,17,2,218.5,Camilla,buy
21400,Camilla,Penelope,VOLCANIC_ROCK_VOUCHER_10250,SEASHELLS,57.0,17,2,57.5,Camilla,buy
21400,Camilla,Penelope,VOLCANIC_ROCK_VOUCHER_9500,SEASHELLS,704.0,17,2,704.5,Camilla,buy
21400,Camilla,Penelope,VOLCANIC_ROCK_VOUCHER_9750,SEASHELLS,455.0,17,2,455.5,Camilla,buy
21600,Caesar,Paris,CROISSANTS,SEASHELLS,4264.0,8,2,4265.0,Caesar,buy
21600,Paris,Charlie,RAINFOREST_RESIN,SEASHELLS,10008.0,1,2,10002.5,Paris,buy
21700,Caesar,Paris,DJEMBES,SEASHELLS,13447.0,3,2,13447.5,Caesar,buy
21700,Paris,Camilla,KELP,SEASHELLS,2047.0,1,2,2046.0,Paris,buy
21700,Paris,Camilla,SQUID_INK,SEASHELLS,1798.0,1,2,1797.0,Paris,buy
21800,Paris,Caesar,CROISSANTS,SEASHELLS,4265.0,7,2,4264.5,Paris,buy
21800,Caesar,Paris,DJEMBES,SEASHELLS,13446.0,5,2,13446.5,Caesar,buy
21800,Gina,Charlie,KELP,SEASHELLS,2047.0,10,2,2047.5,Gina,buy
21900,Charlie,Gary,KELP,SEASHELLS,2045.0,13,2,2046.5,Charlie,buy
21900,Charlie,Gary,SQUID_INK,SEASHELLS,1796.0,13,2,1797.5,Charlie,buy
22000,Charlie,Pablo,KELP,SEASHELLS,2045.0,3,2,2046.5,Charlie,buy
22000,Charlie,Pablo,SQUID_INK,SEASHELLS,1796.0,3,2,1797.5,Charlie,buy
22100,Caesar,Paris,DJEMBES,SEASHELLS,13449.0,1,2,13449.5,Caesar,buy
22200,Caesar,Paris,RAINFOREST_RESIN,SEASHELLS,9999.0,1,2,9995.5,Caesar,buy
22200,Caesar,Caesar,VOLCANIC_ROCK,SEASHELLS,10211.0,5,2,10212.0,Caesar,buy
22400,Caesar,Paris,JAMS,SEASHELLS,6525.0,9,2,6526.0,Caesar,buy
22400,Paris,Charlie,MAGNIFICENT_MACARONS,SEASHELLS,651.0,5,2,646.5,Paris,buy
22500,Pablo,Charlie,RAINFOREST_RESIN,SEASHELLS,10008.0,4,2,10000.0,Pablo,buy
22600,Gina,Camilla,KELP,SEASHELLS,2047.0,2,2,2047.5,Gina,buy
22600,Gina,Charlie,KELP,SEASHELLS,2047.0,5,2,2047.5,Gina,buy
22600,Gina,Camilla,SQUID_INK,SEASHELLS,1794.0,2,2,1795.0,Gina,buy
22700,Charlie,Gary,KELP,SEASHELLS,2045.0,11,2,2046.5,Charlie,buy
22700,Charlie,Pablo,RAINFOREST_RESIN,SEASHELLS,9998.0,4,2,9995.0,Charlie,buy
22700,Charlie,Gary,SQUID_INK,SEASHELLS,1791.0,11,2,1792.5,Charlie,buy
22800,Camilla,Caesar,VOLCANIC_ROCK_VOUCHER_10000,SEASHELLS,222.0,17,2,222.5,Camilla,buy
22800,Caesar,Caesar,VOLCANIC_ROCK_VOUCHER_10000,SEASHELLS,222.0,1,2,222.5,Caesar,buy
22800,Camilla,Caesar,VOLCANIC_ROCK_VOUCHER_10250,SEASHELLS,59.0,17,2,59.5,Camilla,buy
22800,Caesar,Caesar,VOLCANIC_ROCK_VOUCHER_10250,SEASHELLS,59.0,1,2,59.5,Caesar,buy
22800,Camilla,Caesar,VOLCANIC_ROCK_VOUCHER_10500,SEASHELLS,7.0,17,2,7.5,Camilla,buy
22800,Caesar,Caesar,VOLCANIC_ROCK_VOUCHER_10500,SEASHELLS,7.0,1,2,7.5,Caesar,buy
22800,Camilla,Caesar,VOLCANIC_ROCK_VOUCHER_9500,SEASHELLS,709.0,17,2,709.5,Camilla,buy
22800,Caesar,Caesar,VOLCANIC_ROCK_VOUCHER_9500,SEASHELLS,709.0,1,2,709.5,Caesar,buy
22800,Camilla,Caesar,VOLCANIC_ROCK_VOUCHER_9750,SEASHELLS,460.0,17,2,460.5,Camilla,buy
22800,Caesar,Caesar,VOLCANIC_ROCK_VOUCHER_9750,SEASHELLS,460.0,1,2,460.5,Caesar,buy
22900,Caesar,Paris,DJEMBES,SEASHELLS,13451.0,5,2,13451.5,Caesar,buy
23100,Paris,Caesar,JAMS,SEASHELLS,6530.0,8,2,6529.5,Paris,buy
23200,Caesar,Paris,DJEMBES,SEASHELLS,13449.0,3,2,13449.5,Caesar,buy
23400,Paris,Charlie,RAINFOREST_RESIN,SEASHELLS,10008.0,2,2,10000.0,Paris,buy
23600,Caesar,Paris,DJEMBES,SEASHELLS,13447.0,2,2,13447.5,Caesar,buy
23600,Caesar,Camilla,JAMS,SEASHELLS,6533.0,3,2,6534.0,Caesar,buy
23600,Caesar,Caesar,VOLCANIC_ROCK,SEASHELLS,10207.0,6,2,10208.0,Caesar,buy
23700,Paris,Charlie,KELP,SEASHELLS,2048.0,1,2,2046.5,Paris,buy
23700,Paris,Charlie,SQUID_INK,SEASHELLS,1795.0,1,2,1793.5,Paris,buy
23900,Camilla,Pablo,PICNIC_BASKET1,SEASHELLS,58844.0,6,2,58849.0,Camilla,buy
23900,Charlie,Pablo,PICNIC_BASKET2,SEASHELLS,30091.0,6,2,30094.0,Charlie,buy
23900,Camilla,Penelope,RAINFOREST_RESIN,SEASHELLS,9997.0,5,2,10002.5,Camilla,buy
24000,Caesar,Paris,JAMS,SEASHELLS,6533.0,9,2,6534.0,Caesar,buy
24000,Penelope,Charlie,RAINFOREST_RESIN,SEASHELLS,10008.0,8,2,10000.0,Penelope,buy
24100,Camilla,Caesar,VOLCANIC_ROCK_VOUCHER_10000,SEASHELLS,217.0,15,2,217.5,Camilla,buy
24100,Camilla,Caesar,VOLCANIC_ROCK_VOUCHER_10250,SEASHELLS,55.0,15,2,55.5,Camilla,buy
24100,Camilla,Caesar,VOLCANIC_ROCK_VOUCHER_10500,SEASHELLS,7.0,15,2,7.5,Camilla,buy
24100,Camilla,Caesar,VOLCANIC_ROCK_VOUCHER_9500,SEASHELLS,701.0,15,2,701.5,Camilla,buy
24100,Camilla,Caesar,VOLCANIC_ROCK_VOUCHER_9750,SEASHELLS,453.0,15,2,453.5,Camilla,buy
24300,Caesar,Paris,DJEMBES,SEASHELLS,13447.0,1,2,13447.5,Caesar,buy
24300,Paris,Charlie,RAINFOREST_RESIN,SEASHELLS,10008.0,1,2,10000.0,Paris,buy
24400,Caesar,Camilla,CROISSANTS,SEASHELLS,4263.0,9,2,4263.5,Caesar,buy
24400,Caesar,Paris,DJEMBES,SEASHELLS,13448.0,3,2,13448.5,Caesar,buy
24400,Charlie,Paris,KELP,SEASHELLS,2046.0,1,2,2047.5,Charlie,buy
24400,Charlie,Paris,SQUID_INK,SEASHELLS,1787.0,1,2,1788.5,Charlie,buy
24600,Caesar,Paris,JAMS,SEASHELLS,6534.0,8,2,6535.0,Caesar,buy
24900,Paris,Caesar,DJEMBES,SEASHELLS,13449.0,3,2,13448.0,Paris,buy
25100,Penelope,Caesar,PICNIC_BASKET1,SEASHELLS,58861.0,1,2,58856.5,Penelope,buy
25100,Penelope,Camilla,PICNIC_BASKET2,SEASHELLS,30101.0,6,2,30098.5,Penelope,buy
25400,Caesar,Penelope,PICNIC_BASKET1,SEASHELLS,58852.0,2,2,58856.5,Caesar,buy
25400,Caesar,Penelope,PICNIC_BASKET2,SEASHELLS,30094.0,2,2,30096.5,Caesar,buy
25500,Caesar,Paris,DJEMBES,SEASHELLS,13443.0,3,2,13444.0,Caesar,buy
25600,Caesar,Paris,DJEMBES,SEASHELLS,13443.0,3,2,13444.0,Caesar,buy
25700,Caesar,Paris,MAGNIFICENT_MACARONS,SEASHELLS,652.0,5,2,656.5,Caesar,buy
25800,Paris,Caesar,CROISSANTS,SEASHELLS,4265.0,8,2,4264.5,Paris,buy
25800,Paris,Caesar,JAMS,SEASHELLS,6536.0,4,2,6535.0,Paris,buy
25800,Charlie,Penelope,KELP,SEASHELLS,2045.0,8,2,2047.0,Charlie,buy
25800,Charlie,Penelope,SQUID_INK,SEASHELLS,1790.0,8,2,1792.0,Charlie,buy
25800,Caesar,Caesar,VOLCANIC_ROCK,SEASHELLS,10193.0,6,2,10193.5,Caesar,buy
26100,Charlie,Paris,SQUID_INK,SEASHELLS,1791.0,1,2,1792.0,Charlie,buy
26400,Caesar,Pablo,PICNIC_BASKET1,SEASHELLS,58851.0,1,2,58855.0,Caesar,buy
26400,Camilla,Pablo,PICNIC_BASKET1,SEASHELLS,58850.0,6,2,58855.0,Camilla,buy
26400,Camilla,Pablo,PICNIC_BASKET2,SEASHELLS,30090.0,7,2,30092.5,Camilla,buy
26400,Camilla,Caesar,VOLCANIC_ROCK_VOUCHER_10000,SEASHELLS,214.0,10,2,214.5,Camilla,buy
26400,Camilla,Caesar,VOLCANIC_ROCK_VOUCHER_10250,SEASHELLS,56.0,10,2,56.5,Camilla,buy
26400,Camilla,Caesar,VOLCANIC_ROCK_VOUCHER_10500,SEASHELLS,7.0,10,2,7.5,Camilla,buy
26400,Camilla,Caesar,VOLCANIC_ROCK_VOUCHER_9500,SEASHELLS,702.0,10,2,702.5,Camilla,buy
26400,Camilla,Caesar,VOLCANIC_ROCK_VOUCHER_9750,SEASHELLS,453.0,10,2,453.5,Camilla,buy
26700,Charlie,Pablo,RAINFOREST_RESIN,SEASHELLS,9992.0,4,2,10000.0,Charlie,buy
26700,Charlie,Pablo,SQUID_INK,SEASHELLS,1793.0,4,2,1794.5,Charlie,buy
26800,Caesar,Camilla,CROISSANTS,SEASHELLS,4264.0,8,2,4264.5,Caesar,buy
26800,Paris,Charlie,KELP,SEASHELLS,2048.0,1,2,2048.5,Paris,buy
26800,Paris,Charlie,SQUID_INK,SEASHELLS,1796.0,1,2,1796.5,Paris,buy
26900,Caesar,Camilla,JAMS,SEASHELLS,6531.0,8,2,6531.5,Caesar,buy
27100,Paris,Camilla,KELP,SEASHELLS,2047.0,1,2,2046.0,Paris,buy
27100,Paris,Camilla,SQUID_INK,SEASHELLS,1790.0,1,2,1789.5,Paris,buy
27100,Camilla,Caesar,VOLCANIC_ROCK_VOUCHER_10000,SEASHELLS,218.0,11,2,218.5,Camilla,buy
27100,Camilla,Caesar,VOLCANIC_ROCK_VOUCHER_10250,SEASHELLS,55.0,11,2,55.5,Camilla,buy
27100,Camilla,Caesar,VOLCANIC_ROCK_VOUCHER_10500,SEASHELLS,7.0,11,2,7.5,Camilla,buy
27100,Camilla,Caesar,VOLCANIC_ROCK_VOUCHER_9500,SEASHELLS,701.0,11,2,701.5,Camilla,buy
27100,Camilla,Caesar,VOLCANIC_ROCK_VOUCHER_9750,SEASHELLS,453.0,11,2,453.5,Camilla,buy
27500,Caesar,Camilla,JAMS,SEASHELLS,6530.0,12,2,6531.0,Caesar,buy
27500,Paris,Charlie,RAINFOREST_RESIN,SEASHELLS,10001.0,1,2,10002.0,Paris,buy
27600,Penelope,Charlie,KELP,SEASHELLS,2049.0,10,2,2047.0,Penelope,buy
27600,Penelope,Charlie,SQUID_INK,SEASHELLS,1787.0,10,2,1785.5,Penelope,buy
27700,Pablo,Charlie,RAINFOREST_RESIN,SEASHELLS,10008.0,4,2,10002.5,Pablo,buy
27800,Camilla,Caesar,VOLCANIC_ROCK_VOUCHER_10000,SEASHELLS,216.0,15,2,216.5,Camilla,buy
27800,Camilla,Caesar,VOLCANIC_ROCK_VOUCHER_10250,SEASHELLS,53.0,15,2,53.5,Camilla,buy
27800,Camilla,Caesar,VOLCANIC_ROCK_VOUCHER_10500,SEASHELLS,7.0,15,2,7.5,Camilla,buy
27800,Camilla,Caesar,VOLCANIC_ROCK_VOUCHER_9500,SEASHELLS,696.0,15,2,696.5,Camilla,buy
27800,Camilla,Caesar,VOLCANIC_ROCK_VOUCHER_9750,SEASHELLS,448.0,15,2,448.5,Camilla,buy
27900,Caesar,Paris,CROISSANTS,SEASHELLS,4264.0,8,2,4264.5,Caesar,buy
28000,Paris,Caesar,DJEMBES,SEASHELLS,13438.0,5,2,13437.5,Paris,buy
28000,Caesar,Caesar,VOLCANIC_ROCK,SEASHELLS,10196.0,7,2,10196.5,Caesar,buy
28100,Charlie,Penelope,RAINFOREST_RESIN,SEASHELLS,9992.0,8,2,10000.0,Charlie,buy
28200,Paris,Charlie,SQUID_INK,SEASHELLS,1789.0,1,2,1789.5,Paris,buy
28400,Pablo,Charlie,RAINFOREST_RESIN,SEASHELLS,10008.0,4,2,10000.0,Pablo,buy
28600,Camilla,Gina,KELP,SEASHELLS,2046.0,1,2,2045.5,Camilla,buy
28600,Charlie,Gina,KELP,SEASHELLS,2046.0,6,2,2045.5,Charlie,buy
28600,Camilla,Gina,SQUID_INK,SEASHELLS,1783.0,1,2,1784.5,Camilla,buy
28600,Charlie,Gina,SQUID_INK,SEASHELLS,1783.0,6,2,1784.5,Charlie,buy
28700,Charlie,Penelope,RAINFOREST_RESIN,SEASHELLS,9992.0,5,2,9995.0,Charlie,buy
28800,Charlie,Paris,KELP,SEASHELLS,2045.0,2,2,2047.0,Charlie,buy
28800,Charlie,Paris,SQUID_INK,SEASHELLS,1784.0,2,2,1785.5,Charlie,buy
29100,Paris,Charlie,KELP,SEASHELLS,2047.0,1,2,2048.0,Paris,buy
29100,Camilla,Camilla,MAGNIFICENT_MACARONS,SEASHELLS,675.0,3,2,677.0,Camilla,buy
29100,Gary,Caesar,RAINFOREST_RESIN,SEASHELLS,10000.0,2,2,9998.5,Gary,buy
29300,Caesar,Caesar,VOLCANIC_ROCK,SEASHELLS,10187.0,5,2,10188.0,Caesar,buy
29500,Paris,Caesar,JAMS,SEASHELLS,6536.0,8,2,6535.0,Paris,buy
29500,Penelope,Charlie,KELP,SEASHELLS,2049.0,4,2,2047.0,Penelope,buy
29500,Penelope,Charlie,SQUID_INK,SEASHELLS,1787.0,4,2,1785.5,Penelope,buy
29500,Camilla,Caesar,VOLCANIC_ROCK_VOUCHER_10000,SEASHELLS,205.0,11,2,205.0,Camilla,buy
29500,Camilla,Caesar,VOLCANIC_ROCK_VOUCHER_10250,SEASHELLS,50.0,11,2,50.0,Camilla,buy
29500,Camilla,Caesar,VOLCANIC_ROCK_VOUCHER_10500,SEASHELLS,6.0,11,2,6.0,Camilla,buy
29500,Camilla,Caesar,VOLCANIC_ROCK_VOUCHER_9500,SEASHELLS,688.0,11,2,688.0,Camilla,buy
29500,Camilla,Caesar,VOLCANIC_ROCK_VOUCHER_9750,SEASHELLS,439.0,11,2,439.0,Camilla,buy
29700,Caesar,Paris,DJEMBES,SEASHELLS,13435.0,5,2,13435.5,Caesar,buy
29800,Camilla,Paris,KELP,SEASHELLS,2045.0,1,2,2046.5,Camilla,buy
29800,Camilla,Paris,SQUID_INK,SEASHELLS,1782.0,1,2,1783.5,Camilla,buy
29900,Caesar,Pablo,KELP,SEASHELLS,2046.0,2,2,2047.0,Caesar,buy
29900,Caesar,Pablo,SQUID_INK,SEASHELLS,1784.0,2,2,1785.0,Caesar,buy
29900,Caesar,Caesar,VOLCANIC_ROCK,SEASHELLS,10189.0,8,2,10189.5,Caesar,buy
30000,Paris,Caesar,JAMS,SEASHELLS,6536.0,8,2,6535.0,Paris,buy
30000,Caesar,Camilla,SQUID_INK,SEASHELLS,1783.0,2,2,1783.0,Caesar,buy
30100,Paris,Caesar,JAMS,SEASHELLS,6536.0,10,2,6535.0,Paris,buy
30100,Charlie,Pablo,KELP,SEASHELLS,2046.0,3,2,2045.5,Charlie,buy
30100,Charlie,Pablo,SQUID_INK,SEASHELLS,1784.0,3,2,1783.5,Charlie,buy
30200,Caesar,Caesar,VOLCANIC_ROCK,SEASHELLS,10188.0,8,2,10188.5,Caesar,buy
30300,Paris,Camilla,KELP,SEASHELLS,2047.0,1,2,2046.0,Paris,buy
30300,Paris,Camilla,SQUID_INK,SEASHELLS,1781.0,1,2,1780.0,Paris,buy
30400,Charlie,Gary,RAINFOREST_RESIN,SEASHELLS,9992.0,8,2,10000.0,Charlie,buy
30500,Penelope,Charlie,RAINFOREST_RESIN,SEASHELLS,10008.0,5,2,10000.0,Penelope,buy
30700,Penelope,Camilla,VOLCANIC_ROCK_VOUCHER_10000,SEASHELLS,202.0,12,2,201.5,Penelope,buy
30700,Penelope,Camilla,VOLCANIC_ROCK_VOUCHER_9500,SEASHELLS,685.0,12,2,684.5,Penelope,buy
30700,Penelope,Camilla,VOLCANIC_ROCK_VOUCHER_9750,SEASHELLS,436.0,12,2,435.5,Penelope,buy
30800,Caesar,Paris,CROISSANTS,SEASHELLS,4266.0,6,2,4266.5,Caesar,buy
30800,Caesar,Paris,JAMS,SEASHELLS,6531.0,9,2,6532.0,Caesar,buy
30800,Gina,Caesar,RAINFOREST_RESIN,SEASHELLS,10003.0,11,2,10005.5,Gina,buy
30900,Paris,Caesar,DJEMBES,SEASHELLS,13438.0,4,2,13437.5,Paris,buy
30900,Paris,Caesar,JAMS,SEASHELLS,6532.0,6,2,6531.0,Paris,buy
31000,Paris,Caesar,DJEMBES,SEASHELLS,13438.0,3,2,13437.0,Paris,buy
31000,Caesar,Camilla,JAMS,SEASHELLS,6531.0,9,2,6531.5,Caesar,buy
31200,Caesar,Paris,DJEMBES,SEASHELLS,13435.0,4,2,13435.5,Caesar,buy
31200,Camilla,Penelope,VOLCANIC_ROCK_VOUCHER_10000,SEASHELLS,199.0,11,2,199.5,Camilla,buy
31200,Camilla,Penelope,VOLCANIC_ROCK_VOUCHER_10250,SEASHELLS,48.0,11,2,48.5,Camilla,buy
31200,Camilla,Penelope,VOLCANIC_ROCK_VOUCHER_9500,SEASHELLS,682.0,11,2,682.5,Camilla,buy
31200,Camilla,Penelope,VOLCANIC_ROCK_VOUCHER_9750,SEASHELLS,433.0,11,2,433.5,Camilla,buy
31300,Paris,Charlie,KELP,SEASHELLS,2048.0,1,2,2048.5,Paris,buy
31300,Paris,Charlie,SQUID_INK,SEASHELLS,1776.0,1,2,1776.5,Paris,buy
31400,Penelope,Charlie,RAINFOREST_RESIN,SEASHELLS,10008.0,6,2,10002.5,Penelope,buy
31600,Paris,Caesar,DJEMBES,SEASHELLS,13437.0,2,2,13436.0,Paris,buy
31700,Paris,Caesar,DJEMBES,SEASHELLS,13436.0,3,2,13435.5,Paris,buy
31700,Paris,Camilla,KELP,SEASHELLS,2048.0,1,2,2047.0,Paris,buy
31700,Paris,Camilla,SQUID_INK,SEASHELLS,1776.0,1,2,1775.0,Paris,buy
31800,Camilla,Caesar,VOLCANIC_ROCK_VOUCHER_10000,SEASHELLS,200.0,16,2,200.5,Camilla,buy
31800,Caesar,Caesar,VOLCANIC_ROCK_VOUCHER_10000,SEASHELLS,200.0,1,2,200.5,Caesar,buy
31800,Camilla,Caesar,VOLCANIC_ROCK_VOUCHER_10250,SEASHELLS,48.0,16,2,48.5,Camilla,buy
31800,Caesar,Caesar,VOLCANIC_ROCK_VOUCHER_10250,SEASHELLS,48.0,1,2,48.5,Caesar,buy
31800,Camilla,Caesar,VOLCANIC_ROCK_VOUCHER_10500,SEASHELLS,6.0,16,2,6.5,Camilla,buy
31800,Caesar,Caesar,VOLCANIC_ROCK_VOUCHER_10500,SEASHELLS,6.0,1,2,6.5,Caesar,buy
31800,Camilla,Caesar,VOLCANIC_ROCK_VOUCHER_9500,SEASHELLS,682.0,16,2,682.5,Camilla,buy
31800,Caesar,Caesar,VOLCANIC_ROCK_VOUCHER_9500,SEASHELLS,682.0,1,2,682.5,Caesar,buy
31800,Camilla,Caesar,VOLCANIC_ROCK_VOUCHER_9750,SEASHELLS,435.0,16,2,435.5,Camilla,buy
31800,Caesar,Caesar,VOLCANIC_ROCK_VOUCHER_9750,SEASHELLS,435.0,1,2,435.5,Caesar,buy
32000,Charlie,Pablo,KELP,SEASHELLS,2047.0,4,2,2046.5,Charlie,buy
32000,Charlie,Pablo,SQUID_INK,SEASHELLS,1777.0,4,2,1778.5,Charlie,buy
32200,Charlie,Caesar,KELP,SEASHELLS,2047.0,4,2,2046.5,Charlie,buy
32200,Charlie,Caesar,SQUID_INK,SEASHELLS,1780.0,4,2,1779.5,Charlie,buy
32300,Caesar,Paris,DJEMBES,SEASHELLS,13432.0,1,2,13432.5,Caesar,buy
32400,Caesar,Paris,JAMS,SEASHELLS,6532.0,8,2,6533.0,Caesar,buy
32400,Caesar,Penelope,PICNIC_BASKET1,SEASHELLS,58834.0,1,2,58839.0,Caesar,buy
32400,Caesar,Penelope,PICNIC_BASKET2,SEASHELLS,30097.0,1,2,30099.5,Caesar,buy
32500,Caesar,Paris,DJEMBES,SEASHELLS,13432.0,1,2,13433.0,Caesar,buy
32500,Pablo,Caesar,RAINFOREST_RESIN,SEASHELLS,10002.0,5,2,10005.0,Pablo,buy
32600,Caesar,Camilla,CROISSANTS,SEASHELLS,4269.0,9,2,4269.5,Caesar,buy
32600,Penelope,Camilla,VOLCANIC_ROCK_VOUCHER_10000,SEASHELLS,202.0,17,2,201.5,Penelope,buy
32600,Penelope,Camilla,VOLCANIC_ROCK_VOUCHER_9500,SEASHELLS,682.0,17,2,681.5,Penelope,buy
32600,Penelope,Camilla,VOLCANIC_ROCK_VOUCHER_9750,SEASHELLS,434.0,17,2,433.5,Penelope,buy
32800,Caesar,Caesar,VOLCANIC_ROCK,SEASHELLS,10186.0,8,2,10186.5,Caesar,buy
32900,Charlie,Paris,KELP,SEASHELLS,2047.0,1,2,2048.0,Charlie,buy
32900,Charlie,Paris,SQUID_INK,SEASHELLS,1781.0,1,2,1782.0,Charlie,buy
33100,Charlie,Paris,KELP,SEASHELLS,2046.0,1,2,2048.0,Charlie,buy
33100,Charlie,Paris,SQUID_INK,SEASHELLS,1782.0,1,2,1783.5,Charlie,buy
33200,Caesar,Camilla,CROISSANTS,SEASHELLS,4268.0,9,2,4268.5,Caesar,buy
33200,Caesar,Camilla,DJEMBES,SEASHELLS,13434.0,6,2,13434.5,Caesar,buy
33200,Charlie,Camilla,SQUID_INK,SEASHELLS,1784.0,1,2,1783.5,Charlie,buy
33300,Caesar,Paris,DJEMBES,SEASHELLS,13433.0,4,2,13433.5,Caesar,buy
33400,Paris,Charlie,RAINFOREST_RESIN,SEASHELLS,10008.0,2,2,10000.0,Paris,buy
33600,Paris,Charlie,KELP,SEASHELLS,2050.0,1,2,2048.5,Paris,buy
33600,Penelope,Caesar,PICNIC_BASKET1,SEASHELLS,58862.0,2,2,58857.5,Penelope,buy
33600,Penelope,Camilla,PICNIC_BASKET2,SEASHELLS,30101.0,7,2,30098.0,Penelope,buy
33600,Paris,Charlie,SQUID_INK,SEASHELLS,1789.0,1,2,1787.5,Paris,buy
33800,Paris,Caesar,JAMS,SEASHELLS,6533.0,10,2,6532.5,Paris,buy
34000,Charlie,Gary,RAINFOREST_RESIN,SEASHELLS,9992.0,6,2,10000.0,Charlie,buy
34100,Charlie,Paris,RAINFOREST_RESIN,SEASHELLS,9999.0,1,2,9995.5,Charlie,buy
34500,Charlie,Camilla,SQUID_INK,SEASHELLS,1788.0,4,2,1787.5,Charlie,buy
34600,Gary,Charlie,RAINFOREST_RESIN,SEASHELLS,10008.0,6,2,10000.0,Gary,buy
34600,Paris,Charlie,RAINFOREST_RESIN,SEASHELLS,10008.0,1,2,10000.0,Paris,buy
34700,Paris,Caesar,CROISSANTS,SEASHELLS,4271.0,5,2,4270.5,Paris,buy
34700,Charlie,Pablo,RAINFOREST_RESIN,SEASHELLS,9992.0,6,2,9995.5,Charlie,buy
34700,Charlie,Paris,RAINFOREST_RESIN,SEASHELLS,9999.0,1,2,9995.5,Charlie,buy
34800,Pablo,Penelope,KELP,SEASHELLS,2048.0,3,2,2049.0,Pablo,buy
34800,Caesar,Penelope,KELP,SEASHELLS,2048.0,4,2,2049.0,Caesar,buy
34800,Pablo,Penelope,SQUID_INK,SEASHELLS,1790.0,3,2,1791.0,Pablo,buy
34800,Camilla,Caesar,VOLCANIC_ROCK_VOUCHER_10000,SEASHELLS,208.0,10,2,208.0,Camilla,buy
34800,Camilla,Caesar,VOLCANIC_ROCK_VOUCHER_10250,SEASHELLS,51.0,10,2,51.0,Camilla,buy
34800,Camilla,Caesar,VOLCANIC_ROCK_VOUCHER_10500,SEASHELLS,6.0,10,2,6.0,Camilla,buy
34800,Camilla,Caesar,VOLCANIC_ROCK_VOUCHER_9500,SEASHELLS,691.0,10,2,691.0,Camilla,buy
34800,Camilla,Caesar,VOLCANIC_ROCK_VOUCHER_9750,SEASHELLS,442.0,10,2,442.0,Camilla,buy
35100,Paris,Caesar,JAMS,SEASHELLS,6534.0,8,2,6533.0,Paris,buy
35200,Paris,Caesar,JAMS,SEASHELLS,6534.0,7,2,6533.0,Paris,buy
35200,Charlie,Paris,KELP,SEASHELLS,2047.0,1,2,2048.5,Charlie,buy
35200,Charlie,Paris,SQUID_INK,SEASHELLS,1791.0,1,2,1792.5,Charlie,buy
35300,Paris,Caesar,RAINFOREST_RESIN,SEASHELLS,10001.0,1,2,10004.5,Paris,buy
35400,Paris,Caesar,CROISSANTS,SEASHELLS,4271.0,5,2,4270.5,Paris,buy
35400,Caesar,Paris,MAGNIFICENT_MACARONS,SEASHELLS,639.0,7,2,643.5,Caesar,buy
35400,Charlie,Paris,RAINFOREST_RESIN,SEASHELLS,9999.0,1,2,9995.5,Charlie,buy
35400,Caesar,Caesar,VOLCANIC_ROCK,SEASHELLS,10192.0,7,2,10193.0,Caesar,buy
35500,Caesar,Paris,JAMS,SEASHELLS,6532.0,7,2,6532.5,Caesar,buy
35600,Camilla,Caesar,VOLCANIC_ROCK_VOUCHER_10000,SEASHELLS,209.0,14,2,209.0,Camilla,buy
35600,Camilla,Caesar,VOLCANIC_ROCK_VOUCHER_10250,SEASHELLS,52.0,14,2,52.0,Camilla,buy
35600,Camilla,Caesar,VOLCANIC_ROCK_VOUCHER_10500,SEASHELLS,6.0,14,2,6.0,Camilla,buy
35600,Camilla,Caesar,VOLCANIC_ROCK_VOUCHER_9500,SEASHELLS,693.0,14,2,693.0,Camilla,buy
35600,Camilla,Caesar,VOLCANIC_ROCK_VOUCHER_9750,SEASHELLS,445.0,14,2,445.0,Camilla,buy
35800,Caesar,Camilla,JAMS,SEASHELLS,6531.0,3,2,6531.5,Caesar,buy
35900,Paris,Caesar,JAMS,SEASHELLS,6532.0,5,2,6531.5,Paris,buy
36000,Caesar,Camilla,JAMS,SEASHELLS,6531.0,3,2,6532.0,Caesar,buy
36000,Paris,Charlie,RAINFOREST_RESIN,SEASHELLS,10008.0,1,2,10000.0,Paris,buy
36000,Peter,Caesar,VOLCANIC_ROCK,SEASHELLS,10191.0,9,2,10190.0,Peter,buy
36100,Paris,Caesar,DJEMBES,SEASHELLS,13435.0,2,2,13434.5,Paris,buy
36700,Paris,Charlie,RAINFOREST_RESIN,SEASHELLS,10001.0,1,2,10004.5,Paris,buy
36800,Camilla,Pablo,VOLCANIC_ROCK_VOUCHER_10000,SEASHELLS,210.0,12,2,210.0,Camilla,buy
36800,Caesar,Pablo,VOLCANIC_ROCK_VOUCHER_10000,SEASHELLS,210.0,2,2,210.0,Caesar,buy
36800,Camilla,Pablo,VOLCANIC_ROCK_VOUCHER_10250,SEASHELLS,51.0,12,2,51.0,Camilla,buy
36800,Caesar,Pablo,VOLCANIC_ROCK_VOUCHER_10250,SEASHELLS,51.0,2,2,51.0,Caesar,buy
36800,Camilla,Pablo,VOLCANIC_ROCK_VOUCHER_10500,SEASHELLS,6.0,12,2,6.0,Camilla,buy
36800,Caesar,Pablo,VOLCANIC_ROCK_VOUCHER_10500,SEASHELLS,6.0,2,2,6.0,Caesar,buy
36800,Camilla,Pablo,VOLCANIC_ROCK_VOUCHER_9500,SEASHELLS,691.0,12,2,691.0,Camilla,buy
36800,Caesar,Pablo,VOLCANIC_ROCK_VOUCHER_9500,SEASHELLS,691.0,2,2,691.0,Caesar,buy
36800,Camilla,Pablo,VOLCANIC_ROCK_VOUCHER_9750,SEASHELLS,443.0,12,2,443.0,Camilla,buy
36800,Caesar,Pablo,VOLCANIC_ROCK_VOUCHER_9750,SEASHELLS,443.0,2,2,443.0,Caesar,buy
36900,Charlie,Paris,KELP,SEASHELLS,2046.0,1,2,2047.0,Charlie,buy
36900,Caesar,Paris,SQUID_INK,SEASHELLS,1791.0,1,2,1791.5,Caesar,buy
37000,Paris,Caesar,CROISSANTS,SEASHELLS,4270.0,7,2,4269.5,Paris,buy
37000,Penelope,Camilla,PICNIC_BASKET1,SEASHELLS,58867.0,9,2,58861.5,Penelope,buy
37000,Penelope,Camilla,PICNIC_BASKET2,SEASHELLS,30094.0,9,2,30091.0,Penelope,buy
37300,Caesar,Camilla,JAMS,SEASHELLS,6530.0,9,2,6530.5,Caesar,buy
37300,Penelope,Camilla,PICNIC_BASKET1,SEASHELLS,58870.0,10,2,58864.5,Penelope,buy
37300,Penelope,Charlie,PICNIC_BASKET2,SEASHELLS,30096.0,10,2,30092.5,Penelope,buy
37300,Charlie,Penelope,RAINFOREST_RESIN,SEASHELLS,9992.0,4,2,10000.0,Charlie,buy
37400,Caesar,Camilla,CROISSANTS,SEASHELLS,4268.0,7,2,4268.5,Caesar,buy
37700,Pablo,Charlie,RAINFOREST_RESIN,SEASHELLS,10008.0,5,2,10004.5,Pablo,buy
37700,Paris,Charlie,SQUID_INK,SEASHELLS,1790.0,1,2,1790.5,Paris,buy
37800,Caesar,Camilla,JAMS,SEASHELLS,6528.0,4,2,6529.0,Caesar,buy
37800,Charlie,Paris,KELP,SEASHELLS,2046.0,2,2,2047.5,Charlie,buy
37800,Charlie,Paris,SQUID_INK,SEASHELLS,1789.0,2,2,1790.5,Charlie,buy
37900,Charlie,Pablo,KELP,SEASHELLS,2047.0,4,2,2046.5,Charlie,buy
37900,Charlie,Paris,RAINFOREST_RESIN,SEASHELLS,9992.0,2,2,10000.0,Charlie,buy
37900,Charlie,Pablo,SQUID_INK,SEASHELLS,1789.0,4,2,1788.5,Charlie,buy
38100,Charlie,Paris,RAINFOREST_RESIN,SEASHELLS,9999.0,1,2,9995.5,Charlie,buy
38100,Camilla,Caesar,VOLCANIC_ROCK_VOUCHER_10000,SEASHELLS,213.0,13,2,213.5,Camilla,buy
38100,Camilla,Caesar,VOLCANIC_ROCK_VOUCHER_10250,SEASHELLS,52.0,13,2,52.5,Camilla,buy
38100,Camilla,Caesar,VOLCANIC_ROCK_VOUCHER_10500,SEASHELLS,6.0,13,2,6.5,Camilla,buy
38100,Camilla,Caesar,VOLCANIC_ROCK_VOUCHER_9500,SEASHELLS,693.0,13,2,693.5,Camilla,buy
38100,Camilla,Caesar,VOLCANIC_ROCK_VOUCHER_9750,SEASHELLS,445.0,13,2,445.5,Camilla,buy
38300,Charlie,Gary,KELP,SEASHELLS,2046.0,8,2,2047.5,Charlie,buy
38300,Charlie,Gary,SQUID_INK,SEASHELLS,1786.0,8,2,1788.0,Charlie,buy
38400,Charlie,Gary,KELP,SEASHELLS,2046.0,8,2,2047.5,Charlie,buy
38400,Charlie,Gary,SQUID_INK,SEASHELLS,1788.0,8,2,1789.5,Charlie,buy
38800,Pablo,Charlie,RAINFOREST_RESIN,SEASHELLS,10008.0,4,2,10000.0,Pablo,buy
39200,Penelope,Charlie,RAINFOREST_RESIN,SEASHELLS,10008.0,8,2,10000.0,Penelope,buy
39300,Penelope,Caesar,PICNIC_BASKET1,SEASHELLS,58840.0,5,2,58838.0,Penelope,buy
39300,Penelope,Caesar,PICNIC_BASKET2,SEASHELLS,30104.0,5,2,30103.0,Penelope,buy
39400,Caesar,Paris,JAMS,SEASHELLS,6530.0,8,2,6531.0,Caesar,buy
39500,Caesar,Paris,DJEMBES,SEASHELLS,13431.0,3,2,13431.5,Caesar,buy
39500,Paris,Charlie,KELP,SEASHELLS,2048.0,1,2,2048.5,Paris,buy
39600,Paris,Caesar,CROISSANTS,SEASHELLS,4273.0,6,2,4272.5,Paris,buy
39700,Caesar,Pablo,VOLCANIC_ROCK,SEASHELLS,10203.0,2,2,10204.5,Caesar,buy
39900,Caesar,Paris,CROISSANTS,SEASHELLS,4272.0,6,2,4272.5,Caesar,buy
39900,Charlie,Pablo,RAINFOREST_RESIN,SEASHELLS,9992.0,4,2,10000.0,Charlie,buy
40100,Caesar,Paris,JAMS,SEASHELLS,6534.0,4,2,6534.5,Caesar,buy
40100,Penelope,Charlie,RAINFOREST_RESIN,SEASHELLS,10008.0,7,2,10000.0,Penelope,buy
40200,Caesar,Paris,JAMS,SEASHELLS,6532.0,8,2,6533.0,Caesar,buy
40300,Charlie,Pablo,KELP,SEASHELLS,2046.0,2,2,2046.5,Charlie,buy
40300,Camilla,Penelope,VOLCANIC_ROCK_VOUCHER_10000,SEASHELLS,213.0,10,2,213.5,Camilla,buy
40300,Camilla,Penelope,VOLCANIC_ROCK_VOUCHER_9500,SEASHELLS,697.0,10,2,697.5,Camilla,buy
40300,Camilla,Penelope,VOLCANIC_ROCK_VOUCHER_9750,SEASHELLS,448.0,10,2,448.5,Camilla,buy
40400,Charlie,Gina,KELP,SEASHELLS,2046.0,8,2,2047.0,Charlie,buy
40400,Charlie,Gina,SQUID_INK,SEASHELLS,1787.0,8,2,1787.5,Charlie,buy
40500,Paris,Caesar,CROISSANTS,SEASHELLS,4272.0,5,2,4271.0,Paris,buy
41100,Paris,Caesar,DJEMBES,SEASHELLS,13434.0,3,2,13433.0,Paris,buy
41200,Caesar,Paris,JAMS,SEASHELLS,6532.0,10,2,6533.0,Caesar,buy
41200,Charlie,Paris,KELP,SEASHELLS,2046.0,1,2,2047.5,Charlie,buy
41200,Charlie,Paris,SQUID_INK,SEASHELLS,1788.0,1,2,1789.5,Charlie,buy
41200,Camilla,Caesar,VOLCANIC_ROCK_VOUCHER_10000,SEASHELLS,211.0,11,2,211.5,Camilla,buy
41200,Camilla,Caesar,VOLCANIC_ROCK_VOUCHER_10250,SEASHELLS,52.0,11,2,52.5,Camilla,buy
41200,Camilla,Caesar,VOLCANIC_ROCK_VOUCHER_10500,SEASHELLS,6.0,11,2,6.5,Camilla,buy
41200,Camilla,Caesar,VOLCANIC_ROCK_VOUCHER_9500,SEASHELLS,693.0,11,2,694.0,Camilla,buy
41200,Camilla,Caesar,VOLCANIC_ROCK_VOUCHER_9750,SEASHELLS,445.0,11,2,445.5,Camilla,buy
41300,Charlie,Pablo,KELP,SEASHELLS,2046.0,4,2,2047.0,Charlie,buy
41400,Caesar,Pablo,PICNIC_BASKET1,SEASHELLS,58838.0,2,2,58837.5,Caesar,buy
41400,Camilla,Pablo,PICNIC_BASKET2,SEASHELLS,30117.0,6,2,30119.5,Camilla,buy
41500,Charlie,Paris,RAINFOREST_RESIN,SEASHELLS,9999.0,1,2,9995.5,Charlie,buy
41600,Paris,Caesar,CROISSANTS,SEASHELLS,4269.0,8,2,4268.5,Paris,buy
41600,Caesar,Peter,VOLCANIC_ROCK,SEASHELLS,10192.0,7,2,10192.5,Caesar,buy
41900,Caesar,Paris,JAMS,SEASHELLS,6529.0,8,2,6530.0,Caesar,buy
42000,Caesar,Camilla,JAMS,SEASHELLS,6529.0,5,2,6530.0,Caesar,buy
42200,Caesar,Paris,CROISSANTS,SEASHELLS,4267.0,6,2,4267.5,Caesar,buy
42200,Peter,Caesar,VOLCANIC_ROCK,SEASHELLS,10196.0,8,2,10195.0,Peter,buy
42300,Pablo,Charlie,SQUID_INK,SEASHELLS,1793.0,3,2,1793.5,Pablo,buy
42600,Caesar,Paris,DJEMBES,SEASHELLS,13434.0,3,2,13434.5,Caesar,buy
42800,Charlie,Paris,KELP,SEASHELLS,2046.0,1,2,2047.5,Charlie,buy
42800,Charlie,Paris,SQUID_INK,SEASHELLS,1791.0,1,2,1792.5,Charlie,buy
42900,Caesar,Paris,DJEMBES,SEASHELLS,13436.0,5,2,13436.5,Caesar,buy
42900,Paris,Charlie,MAGNIFICENT_MACARONS,SEASHELLS,630.0,5,2,625.5,Paris,buy
43200,Caesar,Paris,CROISSANTS,SEASHELLS,4267.0,8,2,4267.5,Caesar,buy
43200,Paris,Pablo,KELP,SEASHELLS,2046.0,1,2,2047.5,Paris,buy
43200,Charlie,Pablo,KELP,SEASHELLS,2046.0,2,2,2047.5,Charlie,buy
43200,Charlie,Paris,RAINFOREST_RESIN,SEASHELLS,9999.0,1,2,9995.5,Charlie,buy
43200,Paris,Pablo,SQUID_INK,SEASHELLS,1792.0,1,2,1791.5,Paris,buy
43400,Caesar,Paris,DJEMBES,SEASHELLS,13438.0,3,2,13438.5,Caesar,buy
43500,Caesar,Caesar,VOLCANIC_ROCK,SEASHELLS,10183.0,7,2,10183.5,Caesar,buy
43600,Camilla,Caesar,VOLCANIC_ROCK_VOUCHER_10000,SEASHELLS,201.0,12,2,201.5,Camilla,buy
43600,Camilla,Caesar,VOLCANIC_ROCK_VOUCHER_10250,SEASHELLS,48.0,12,2,48.5,Camilla,buy
43600,Camilla,Caesar,VOLCANIC_ROCK_VOUCHER_10500,SEASHELLS,6.0,12,2,6.5,Camilla,buy
43600,Camilla,Caesar,VOLCANIC_ROCK_VOUCHER_9750,SEASHELLS,434.0,12,2,434.5,Camilla,buy
43700,Charlie,Caesar,KELP,SEASHELLS,2047.0,5,2,2046.5,Charlie,buy
43700,Gina,Camilla,RAINFOREST_RESIN,SEASHELLS,10003.0,5,2,10005.5,Gina,buy
43700,Charlie,Caesar,SQUID_INK,SEASHELLS,1794.0,5,2,1793.5,Charlie,buy
43800,Caesar,Paris,JAMS,SEASHELLS,6522.0,10,2,6523.0,Caesar,buy
44100,Caesar,Paris,CROISSANTS,SEASHELLS,4266.0,7,2,4266.5,Caesar,buy
44200,Pablo,Charlie,RAINFOREST_RESIN,SEASHELLS,10002.0,5,2,10005.0,Pablo,buy
44300,Paris,Caesar,DJEMBES,SEASHELLS,13442.0,2,2,13441.5,Paris,buy
44400,Charlie,Paris,RAINFOREST_RESIN,SEASHELLS,9999.0,1,2,9995.5,Charlie,buy
44800,Caesar,Paris,JAMS,SEASHELLS,6529.0,4,2,6530.0,Caesar,buy
44800,Caesar,Pablo,PICNIC_BASKET1,SEASHELLS,58829.0,1,2,58833.0,Caesar,buy
44800,Camilla,Pablo,PICNIC_BASKET1,SEASHELLS,58828.0,1,2,58833.0,Camilla,buy
44800,Caesar,Pablo,PICNIC_BASKET2,SEASHELLS,30114.0,1,2,30113.5,Caesar,buy
44800,Camilla,Pablo,PICNIC_BASKET2,SEASHELLS,30114.0,1,2,30113.5,Camilla,buy
44800,Charlie,Camilla,SQUID_INK,SEASHELLS,1791.0,4,2,1790.5,Charlie,buy
44800,Pablo,Caesar,VOLCANIC_ROCK,SEASHELLS,10190.0,3,2,10189.5,Pablo,buy
44900,Paris,Camilla,KELP,SEASHELLS,2048.0,1,2,2046.5,Paris,buy
44900,Paris,Camilla,SQUID_INK,SEASHELLS,1791.0,1,2,1790.0,Paris,buy
45000,Paris,Caesar,DJEMBES,SEASHELLS,13446.0,3,2,13445.5,Paris,buy
45000,Charlie,Paris,KELP,SEASHELLS,2046.0,1,2,2047.5,Charlie,buy
45000,Caesar,Paris,SQUID_INK,SEASHELLS,1789.0,1,2,1789.5,Caesar,buy
45200,Penelope,Camilla,PICNIC_BASKET1,SEASHELLS,58843.0,7,2,58837.5,Penelope,buy
45200,Penelope,Charlie,PICNIC_BASKET2,SEASHELLS,30116.0,7,2,30113.0,Penelope,buy
45200,Charlie,Gary,RAINFOREST_RESIN,SEASHELLS,9992.0,6,2,10000.0,Charlie,buy
45300,Camilla,Pablo,VOLCANIC_ROCK_VOUCHER_10000,SEASHELLS,205.0,12,2,206.0,Camilla,buy
45300,Camilla,Pablo,VOLCANIC_ROCK_VOUCHER_10250,SEASHELLS,51.0,12,2,51.5,Camilla,buy
45300,Camilla,Pablo,VOLCANIC_ROCK_VOUCHER_10500,SEASHELLS,6.0,12,2,6.5,Camilla,buy
45300,Camilla,Pablo,VOLCANIC_ROCK_VOUCHER_9500,SEASHELLS,690.0,12,2,690.5,Camilla,buy
45300,Camilla,Pablo,VOLCANIC_ROCK_VOUCHER_9750,SEASHELLS,442.0,12,2,442.5,Camilla,buy
45400,Paris,Gina,RAINFOREST_RESIN,SEASHELLS,10001.0,1,2,9994.5,Paris,buy
45600,Caesar,Paris,KELP,SEASHELLS,2046.0,1,2,2047.0,Caesar,buy
45600,Charlie,Paris,SQUID_INK,SEASHELLS,1786.0,1,2,1787.5,Charlie,buy
45700,Camilla,Caesar,VOLCANIC_ROCK_VOUCHER_10000,SEASHELLS,204.0,14,2,204.5,Camilla,buy
45700,Camilla,Caesar,VOLCANIC_ROCK_VOUCHER_10250,SEASHELLS,49.0,14,2,49.5,Camilla,buy
45700,Camilla,Caesar,VOLCANIC_ROCK_VOUCHER_10500,SEASHELLS,6.0,14,2,6.5,Camilla,buy
45700,Camilla,Caesar,VOLCANIC_ROCK_VOUCHER_9500,SEASHELLS,686.0,14,2,686.5,Camilla,buy
45700,Camilla,Caesar,VOLCANIC_ROCK_VOUCHER_9750,SEASHELLS,437.0,14,2,437.5,Camilla,buy
46000,Charlie,Pablo,RAINFOREST_RESIN,SEASHELLS,9992.0,4,2,10000.0,Charlie,buy
46100,Camilla,Pablo,VOLCANIC_ROCK_VOUCHER_10000,SEASHELLS,206.0,10,2,206.5,Camilla,buy
46100,Camilla,Pablo,VOLCANIC_ROCK_VOUCHER_10250,SEASHELLS,49.0,10,2,49.5,Camilla,buy
46100,Camilla,Pablo,VOLCANIC_ROCK_VOUCHER_10500,SEASHELLS,6.0,10,2,6.5,Camilla,buy
46100,Camilla,Pablo,VOLCANIC_ROCK_VOUCHER_9500,SEASHELLS,686.0,10,2,686.5,Camilla,buy
46100,Camilla,Pablo,VOLCANIC_ROCK_VOUCHER_9750,SEASHELLS,438.0,10,2,438.5,Camilla,buy
46500,Caesar,Paris,CROISSANTS,SEASHELLS,4265.0,5,2,4265.5,Caesar,buy
46500,Paris,Camilla,KELP,SEASHELLS,2048.0,1,2,2047.0,Paris,buy
46500,Paris,Camilla,SQUID_INK,SEASHELLS,1787.0,1,2,1785.5,Paris,buy
46600,Camilla,Camilla,MAGNIFICENT_MACARONS,SEASHELLS,603.0,3,2,601.0,Camilla,buy
46800,Paris,Caesar,CROISSANTS,SEASHELLS,4266.0,6,2,4265.5,Paris,buy
47000,Caesar,Camilla,SQUID_INK,SEASHELLS,1787.0,3,2,1787.5,Caesar,buy
47100,Caesar,Camilla,JAMS,SEASHELLS,6528.0,3,2,6529.0,Caesar,buy
47100,Camilla,Paris,KELP,SEASHELLS,2046.0,1,2,2047.5,Camilla,buy
47100,Camilla,Paris,SQUID_INK,SEASHELLS,1785.0,1,2,1787.0,Camilla,buy
47200,Caesar,Paris,CROISSANTS,SEASHELLS,4265.0,7,2,4266.0,Caesar,buy
47200,Charlie,Gina,KELP,SEASHELLS,2046.0,8,2,2047.5,Charlie,buy
47200,Charlie,Gina,SQUID_INK,SEASHELLS,1786.0,8,2,1787.5,Charlie,buy
47400,Charlie,Paris,KELP,SEASHELLS,2046.0,1,2,2047.0,Charlie,buy
47400,Charlie,Paris,SQUID_INK,SEASHELLS,1786.0,1,2,1787.0,Charlie,buy
47500,Paris,Charlie,KELP,SEASHELLS,2049.0,1,2,2047.5,Paris,buy
47500,Paris,Charlie,SQUID_INK,SEASHELLS,1789.0,1,2,1787.5,Paris,buy
47500,Peter,Caesar,VOLCANIC_ROCK,SEASHELLS,10181.0,10,2,10180.5,Peter,buy
47600,Paris,Caesar,JAMS,SEASHELLS,6530.0,9,2,6529.0,Paris,buy
47600,Camilla,Caesar,VOLCANIC_ROCK_VOUCHER_10000,SEASHELLS,200.0,12,2,200.0,Camilla,buy
47600,Camilla,Caesar,VOLCANIC_ROCK_VOUCHER_10250,SEASHELLS,48.0,12,2,48.0,Camilla,buy
47600,Camilla,Caesar,VOLCANIC_ROCK_VOUCHER_10500,SEASHELLS,6.0,12,2,6.0,Camilla,buy
47600,Camilla,Caesar,VOLCANIC_ROCK_VOUCHER_9500,SEASHELLS,682.0,12,2,682.0,Camilla,buy
47600,Camilla,Caesar,VOLCANIC_ROCK_VOUCHER_9750,SEASHELLS,433.0,12,2,433.0,Camilla,buy
47700,Caesar,Paris,CROISSANTS,SEASHELLS,4265.0,5,2,4265.5,Caesar,buy
47800,Paris,Caesar,CROISSANTS,SEASHELLS,4266.0,7,2,4265.5,Paris,buy
48000,Paris,Caesar,JAMS,SEASHELLS,6528.0,10,2,6527.0,Paris,buy
48200,Caesar,Paris,JAMS,SEASHELLS,6527.0,4,2,6528.0,Caesar,buy
48200,Paris,Charlie,MAGNIFICENT_MACARONS,SEASHELLS,615.0,4,2,610.5,Paris,buy
48200,Charlie,Paris,RAINFOREST_RESIN,SEASHELLS,9992.0,1,2,10000.0,Charlie,buy
48300,Penelope,Caesar,PICNIC_BASKET1,SEASHELLS,58838.0,2,2,58833.5,Penelope,buy
48300,Penelope,Caesar,PICNIC_BASKET2,SEASHELLS,30114.0,2,2,30111.5,Penelope,buy
48300,Paris,Charlie,RAINFOREST_RESIN,SEASHELLS,10008.0,1,2,10000.0,Paris,buy
48300,Caesar,Caesar,VOLCANIC_ROCK,SEASHELLS,10177.0,8,2,10177.5,Caesar,buy
48300,Camilla,Pablo,VOLCANIC_ROCK_VOUCHER_10000,SEASHELLS,198.0,10,2,198.0,Camilla,buy
48300,Caesar,Pablo,VOLCANIC_ROCK_VOUCHER_10000,SEASHELLS,198.0,2,2,198.0,Caesar,buy
48300,Camilla,Pablo,VOLCANIC_ROCK_VOUCHER_10250,SEASHELLS,46.0,10,2,46.0,Camilla,buy
48300,Caesar,Pablo,VOLCANIC_ROCK_VOUCHER_10250,SEASHELLS,46.0,2,2,46.0,Caesar,buy
48300,Camilla,Pablo,VOLCANIC_ROCK_VOUCHER_10500,SEASHELLS,5.0,10,2,5.0,Camilla,buy
48300,Caesar,Pablo,VOLCANIC_ROCK_VOUCHER_10500,SEASHELLS,5.0,2,2,5.0,Caesar,buy
48300,Camilla,Pablo,VOLCANIC_ROCK_VOUCHER_9500,SEASHELLS,677.0,10,2,677.0,Camilla,buy
48300,Caesar,Pablo,VOLCANIC_ROCK_VOUCHER_9500,SEASHELLS,677.0,2,2,677.0,Caesar,buy
48300,Camilla,Pablo,VOLCANIC_ROCK_VOUCHER_9750,SEASHELLS,429.0,10,2,429.0,Camilla,buy
48300,Caesar,Pablo,VOLCANIC_ROCK_VOUCHER_9750,SEASHELLS,429.0,2,2,429.0,Caesar,buy
48400,Charlie,Paris,KELP,SEASHELLS,2046.0,1,2,2047.5,Charlie,buy
48400,Pablo,Charlie,RAINFOREST_RESIN,SEASHELLS,10002.0,5,2,10002.5,Pablo,buy
48400,Charlie,Paris,SQUID_INK,SEASHELLS,1782.0,1,2,1783.5,Charlie,buy
48500,Charlie,Paris,RAINFOREST_RESIN,SEASHELLS,9999.0,1,2,9995.5,Charlie,buy
48600,Charlie,Paris,RAINFOREST_RESIN,SEASHELLS,9992.0,2,2,10000.0,Charlie,buy
48800,Caesar,Caesar,VOLCANIC_ROCK,SEASHELLS,10169.0,7,2,10170.0,Caesar,buy
49000,Paris,Caesar,JAMS,SEASHELLS,6527.0,5,2,6526.0,Paris,buy
49000,Charlie,Paris,KELP,SEASHELLS,2046.0,2,2,2047.5,Charlie,buy
49000,Charlie,Paris,SQUID_INK,SEASHELLS,1776.0,2,2,1777.5,Charlie,buy
49100,Camilla,Paris,KELP,SEASHELLS,2046.0,1,2,2047.5,Camilla,buy
49100,Camilla,Paris,SQUID_INK,SEASHELLS,1778.0,1,2,1779.5,Camilla,buy
49100,Penelope,Camilla,VOLCANIC_ROCK_VOUCHER_10000,SEASHELLS,195.0,11,2,194.5,Penelope,buy
49100,Penelope,Camilla,VOLCANIC_ROCK_VOUCHER_10250,SEASHELLS,46.0,11,2,45.5,Penelope,buy
49100,Penelope,Camilla,VOLCANIC_ROCK_VOUCHER_9500,SEASHELLS,677.0,11,2,676.5,Penelope,buy
49100,Penelope,Camilla,VOLCANIC_ROCK_VOUCHER_9750,SEASHELLS,428.0,11,2,427.5,Penelope,buy
49200,Caesar,Paris,CROISSANTS,SEASHELLS,4265.0,8,2,4266.0,Caesar,buy
49300,Caesar,Paris,KELP,SEASHELLS,2046.0,1,2,2048.0,Caesar,buy
49300,Caesar,Paris,SQUID_INK,SEASHELLS,1779.0,1,2,1781.0,Caesar,buy
49300,Caesar,Caesar,VOLCANIC_ROCK,SEASHELLS,10173.0,5,2,10173.5,Caesar,buy
49400,Paris,Caesar,JAMS,SEASHELLS,6527.0,8,2,6526.5,Paris,buy
49400,Paris,Charlie,KELP,SEASHELLS,2048.0,1,2,2048.5,Paris,buy
49400,Paris,Charlie,SQUID_INK,SEASHELLS,1782.0,1,2,1782.5,Paris,buy
49500,Caesar,Camilla,JAMS,SEASHELLS,6526.0,6,2,6527.0,Caesar,buy
49600,Caesar,Camilla,CROISSANTS,SEASHELLS,4266.0,6,2,4266.5,Caesar,buy
49600,Caesar,Caesar,VOLCANIC_ROCK,SEASHELLS,10173.0,7,2,10173.5,Caesar,buy
50000,Paris,Caesar,JAMS,SEASHELLS,6529.0,6,2,6528.0,Paris,buy
50000,Charlie,Penelope,RAINFOREST_RESIN,SEASHELLS,9992.0,5,2,10000.0,Charlie,buy
50000,Caesar,Pablo,VOLCANIC_ROCK,SEASHELLS,10170.0,3,2,10171.5,Caesar,buy
50100,Camilla,Caesar,VOLCANIC_ROCK_VOUCHER_10000,SEASHELLS,191.0,12,2,191.0,Camilla,buy
50100,Caesar,Caesar,VOLCANIC_ROCK_VOUCHER_10000,SEASHELLS,191.0,2,2,191.0,Caesar,buy
50100,Camilla,Caesar,VOLCANIC_ROCK_VOUCHER_10250,SEASHELLS,44.0,12,2,44.0,Camilla,buy
50100,Caesar,Caesar,VOLCANIC_ROCK_VOUCHER_10250,SEASHELLS,44.0,2,2,44.0,Caesar,buy
50100,Camilla,Caesar,VOLCANIC_ROCK_VOUCHER_10500,SEASHELLS,5.0,12,2,5.0,Camilla,buy
50100,Caesar,Caesar,VOLCANIC_ROCK_VOUCHER_10500,SEASHELLS,5.0,2,2,5.0,Caesar,buy
50100,Camilla,Caesar,VOLCANIC_ROCK_VOUCHER_9500,SEASHELLS,671.0,12,2,671.0,Camilla,buy
50100,Caesar,Caesar,VOLCANIC_ROCK_VOUCHER_9500,SEASHELLS,671.0,2,2,671.0,Caesar,buy
50100,Camilla,Caesar,VOLCANIC_ROCK_VOUCHER_9750,SEASHELLS,423.0,12,2,423.0,Camilla,buy
50100,Caesar,Caesar,VOLCANIC_ROCK_VOUCHER_9750,SEASHELLS,423.0,2,2,423.0,Caesar,buy
50200,Caesar,Paris,DJEMBES,SEASHELLS,13457.0,5,2,13457.5,Caesar,buy
50200,Caesar,Penelope,PICNIC_BASKET1,SEASHELLS,58832.0,1,2,58836.5,Caesar,buy
50200,Charlie,Penelope,PICNIC_BASKET2,SEASHELLS,30102.0,5,2,30105.0,Charlie,buy
50300,Caesar,Peter,VOLCANIC_ROCK,SEASHELLS,10166.0,7,2,10166.5,Caesar,buy
50400,Charlie,Paris,KELP,SEASHELLS,2045.0,1,2,2047.0,Charlie,buy
50400,Charlie,Paris,SQUID_INK,SEASHELLS,1783.0,1,2,1782.5,Charlie,buy
50500,Caesar,Camilla,CROISSANTS,SEASHELLS,4265.0,6,2,4266.0,Caesar,buy
50500,Charlie,Paris,KELP,SEASHELLS,2045.0,1,2,2047.0,Charlie,buy
50500,Charlie,Paris,SQUID_INK,SEASHELLS,1783.0,1,2,1784.5,Charlie,buy
50600,Paris,Charlie,KELP,SEASHELLS,2049.0,2,2,2048.5,Paris,buy
50600,Paris,Charlie,KELP,SEASHELLS,2048.0,1,2,2048.5,Paris,buy
50600,Paris,Charlie,SQUID_INK,SEASHELLS,1786.0,2,2,1785.5,Paris,buy
50600,Paris,Charlie,SQUID_INK,SEASHELLS,1785.0,1,2,1785.5,Paris,buy
50700,Paris,Charlie,MAGNIFICENT_MACARONS,SEASHELLS,605.0,7,2,600.5,Paris,buy
50700,Camilla,Caesar,VOLCANIC_ROCK_VOUCHER_10000,SEASHELLS,190.0,11,2,190.0,Camilla,buy
50700,Camilla,Caesar,VOLCANIC_ROCK_VOUCHER_10250,SEASHELLS,43.0,11,2,43.0,Camilla,buy
50700,Camilla,Caesar,VOLCANIC_ROCK_VOUCHER_10500,SEASHELLS,5.0,11,2,5.0,Camilla,buy
50700,Camilla,Caesar,VOLCANIC_ROCK_VOUCHER_9500,SEASHELLS,669.0,11,2,669.0,Camilla,buy
50700,Camilla,Caesar,VOLCANIC_ROCK_VOUCHER_9750,SEASHELLS,421.0,11,2,421.0,Camilla,buy
50800,Caesar,Paris,DJEMBES,SEASHELLS,13457.0,1,2,13457.5,Caesar,buy
50800,Caesar,Caesar,VOLCANIC_ROCK,SEASHELLS,10168.0,8,2,10168.5,Caesar,buy
50900,Charlie,Paris,KELP,SEASHELLS,2046.0,1,2,2047.5,Charlie,buy
50900,Charlie,Paris,SQUID_INK,SEASHELLS,1784.0,1,2,1785.5,Charlie,buy
51100,Charlie,Penelope,KELP,SEASHELLS,2046.0,15,2,2047.5,Charlie,buy
51100,Charlie,Penelope,SQUID_INK,SEASHELLS,1783.0,15,2,1784.5,Charlie,buy
51200,Charlie,Paris,KELP,SEASHELLS,2046.0,2,2,2047.5,Charlie,buy
51200,Charlie,Paris,SQUID_INK,SEASHELLS,1782.0,2,2,1783.5,Charlie,buy
51500,Gary,Caesar,KELP,SEASHELLS,2047.0,3,2,2046.5,Gary,buy
51500,Charlie,Gary,RAINFOREST_RESIN,SEASHELLS,9992.0,9,2,9997.5,Charlie,buy
51500,Gary,Caesar,SQUID_INK,SEASHELLS,1782.0,3,2,1781.5,Gary,buy
51600,Paris,Charlie,RAINFOREST_RESIN,SEASHELLS,10008.0,2,2,10000.0,Paris,buy
51600,Charlie,Paris,SQUID_INK,SEASHELLS,1781.0,1,2,1782.5,Charlie,buy
51700,Penelope,Charlie,RAINFOREST_RESIN,SEASHELLS,10008.0,8,2,10005.0,Penelope,buy
52000,Caesar,Paris,MAGNIFICENT_MACARONS,SEASHELLS,587.0,4,2,591.5,Caesar,buy
52000,Pablo,Charlie,SQUID_INK,SEASHELLS,1784.0,3,2,1784.5,Pablo,buy
52100,Paris,Caesar,DJEMBES,SEASHELLS,13459.0,5,2,13458.5,Paris,buy
52100,Charlie,Penelope,RAINFOREST_RESIN,SEASHELLS,9992.0,7,2,10000.0,Charlie,buy
52200,Charlie,Paris,RAINFOREST_RESIN,SEASHELLS,9992.0,2,2,10000.0,Charlie,buy
52300,Paris,Caesar,DJEMBES,SEASHELLS,13458.0,5,2,13457.5,Paris,buy
52400,Pablo,Caesar,RAINFOREST_RESIN,SEASHELLS,10002.0,3,2,10005.0,Pablo,buy
52500,Paris,Caesar,DJEMBES,SEASHELLS,13456.0,4,2,13455.5,Paris,buy
52500,Caesar,Pablo,PICNIC_BASKET1,SEASHELLS,58838.0,2,2,58842.0,Caesar,buy
52500,Camilla,Pablo,PICNIC_BASKET1,SEASHELLS,58837.0,2,2,58842.0,Camilla,buy
52500,Caesar,Pablo,PICNIC_BASKET2,SEASHELLS,30115.0,2,2,30117.0,Caesar,buy
52500,Charlie,Pablo,PICNIC_BASKET2,SEASHELLS,30114.0,2,2,30117.0,Charlie,buy
52700,Charlie,Penelope,RAINFOREST_RESIN,SEASHELLS,9992.0,4,2,10000.0,Charlie,buy
52700,Camilla,Pablo,VOLCANIC_ROCK_VOUCHER_10000,SEASHELLS,185.0,10,2,185.0,Camilla,buy
52700,Caesar,Pablo,VOLCANIC_ROCK_VOUCHER_10000,SEASHELLS,185.0,2,2,185.0,Caesar,buy
52700,Camilla,Pablo,VOLCANIC_ROCK_VOUCHER_10250,SEASHELLS,42.0,10,2,42.0,Camilla,buy
52700,Caesar,Pablo,VOLCANIC_ROCK_VOUCHER_10250,SEASHELLS,42.0,2,2,42.0,Caesar,buy
52700,Camilla,Pablo,VOLCANIC_ROCK_VOUCHER_10500,SEASHELLS,5.0,10,2,5.0,Camilla,buy
52700,Caesar,Pablo,VOLCANIC_ROCK_VOUCHER_10500,SEASHELLS,5.0,2,2,5.0,Caesar,buy
52700,Camilla,Pablo,VOLCANIC_ROCK_VOUCHER_9500,SEASHELLS,665.0,10,2,665.0,Camilla,buy
52700,Caesar,Pablo,VOLCANIC_ROCK_VOUCHER_9500,SEASHELLS,665.0,2,2,665.0,Caesar,buy
52700,Camilla,Pablo,VOLCANIC_ROCK_VOUCHER_9750,SEASHELLS,417.0,10,2,417.0,Camilla,buy
52700,Caesar,Pablo,VOLCANIC_ROCK_VOUCHER_9750,SEASHELLS,417.0,2,2,417.0,Caesar,buy
52800,Caesar,Paris,RAINFOREST_RESIN,SEASHELLS,9999.0,1,2,9995.5,Caesar,buy
53000,Caesar,Paris,DJEMBES,SEASHELLS,13457.0,2,2,13457.5,Caesar,buy
53000,Paris,Paris,KELP,SEASHELLS,2048.0,1,2,2048.5,Paris,buy
53000,Paris,Paris,SQUID_INK,SEASHELLS,1787.0,1,2,1787.5,Paris,buy
53100,Paris,Caesar,DJEMBES,SEASHELLS,13458.0,5,2,13457.5,Paris,buy
53400,Caesar,Paris,CROISSANTS,SEASHELLS,4266.0,6,2,4266.5,Caesar,buy
53400,Camilla,Pablo,VOLCANIC_ROCK_VOUCHER_10000,SEASHELLS,185.0,11,2,185.5,Camilla,buy
53400,Camilla,Pablo,VOLCANIC_ROCK_VOUCHER_10250,SEASHELLS,42.0,11,2,42.5,Camilla,buy
53400,Camilla,Pablo,VOLCANIC_ROCK_VOUCHER_10500,SEASHELLS,5.0,11,2,5.5,Camilla,buy
53400,Camilla,Pablo,VOLCANIC_ROCK_VOUCHER_9500,SEASHELLS,666.0,11,2,666.5,Camilla,buy
53400,Camilla,Pablo,VOLCANIC_ROCK_VOUCHER_9750,SEASHELLS,417.0,11,2,417.5,Camilla,buy
53600,Paris,Charlie,KELP,SEASHELLS,2049.0,1,2,2048.5,Paris,buy
53600,Paris,Charlie,SQUID_INK,SEASHELLS,1790.0,1,2,1789.5,Paris,buy
53800,Caesar,Paris,DJEMBES,SEASHELLS,13456.0,2,2,13456.5,Caesar,buy
53900,Caesar,Paris,CROISSANTS,SEASHELLS,4265.0,7,2,4266.0,Caesar,buy
53900,Paris,Charlie,KELP,SEASHELLS,2049.0,1,2,2047.0,Paris,buy
53900,Paris,Charlie,SQUID_INK,SEASHELLS,1791.0,1,2,1789.0,Paris,buy
54100,Caesar,Paris,KELP,SEASHELLS,2046.0,1,2,2047.5,Caesar,buy
54100,Charlie,Paris,SQUID_INK,SEASHELLS,1788.0,1,2,1789.5,Charlie,buy
54200,Caesar,Paris,DJEMBES,SEASHELLS,13457.0,1,2,13457.5,Caesar,buy
54300,Paris,Caesar,JAMS,SEASHELLS,6540.0,6,2,6539.5,Paris,buy
54400,Peter,Caesar,VOLCANIC_ROCK,SEASHELLS,10161.0,5,2,10160.0,Peter,buy
54500,Caesar,Camilla,JAMS,SEASHELLS,6540.0,12,2,6540.5,Caesar,buy
54500,Charlie,Paris,KELP,SEASHELLS,2045.0,1,2,2046.0,Charlie,buy
54500,Pablo,Charlie,RAINFOREST_RESIN,SEASHELLS,10002.0,5,2,10002.5,Pablo,buy
54800,Caesar,Paris,DJEMBES,SEASHELLS,13457.0,1,2,13457.5,Caesar,buy
54800,Caesar,Paris,KELP,SEASHELLS,2046.0,1,2,2047.0,Caesar,buy
55000,Paris,Caesar,JAMS,SEASHELLS,6540.0,8,2,6539.0,Paris,buy
55100,Caesar,Paris,CROISSANTS,SEASHELLS,4264.0,7,2,4264.5,Caesar,buy
55100,Caesar,Paris,JAMS,SEASHELLS,6539.0,9,2,6539.5,Caesar,buy
55200,Paris,Caesar,CROISSANTS,SEASHELLS,4265.0,5,2,4264.5,Paris,buy
55300,Pablo,Charlie,RAINFOREST_RESIN,SEASHELLS,10002.0,3,2,10005.0,Pablo,buy
55400,Paris,Caesar,JAMS,SEASHELLS,6540.0,5,2,6539.0,Paris,buy
55400,Camilla,Paris,MAGNIFICENT_MACARONS,SEASHELLS,567.0,3,2,564.5,Camilla,buy
55400,Paris,Charlie,RAINFOREST_RESIN,SEASHELLS,10008.0,2,2,10000.0,Paris,buy
55700,Caesar,Paris,MAGNIFICENT_MACARONS,SEASHELLS,562.0,5,2,566.5,Caesar,buy
55800,Camilla,Caesar,MAGNIFICENT_MACARONS,SEASHELLS,573.0,4,2,575.0,Camilla,buy
55900,Charlie,Paris,SQUID_INK,SEASHELLS,1790.0,1,2,1791.5,Charlie,buy
56000,Paris,Charlie,KELP,SEASHELLS,2049.0,1,2,2047.0,Paris,buy
56000,Paris,Charlie,SQUID_INK,SEASHELLS,1794.0,1,2,1792.5,Paris,buy
56100,Paris,Caesar,CROISSANTS,SEASHELLS,4266.0,8,2,4265.5,Paris,buy
56100,Charlie,Paris,KELP,SEASHELLS,2045.0,1,2,2047.0,Charlie,buy
56100,Penelope,Charlie,KELP,SEASHELLS,2049.0,8,2,2047.0,Penelope,buy
56100,Charlie,Penelope,RAINFOREST_RESIN,SEASHELLS,9992.0,4,2,9997.5,Charlie,buy
56100,Penelope,Paris,SQUID_INK,SEASHELLS,1791.0,1,2,1790.5,Penelope,buy
56300,Charlie,Penelope,KELP,SEASHELLS,2045.0,8,2,2046.0,Charlie,buy
56300,Caesar,Penelope,PICNIC_BASKET1,SEASHELLS,58822.0,2,2,58826.5,Caesar,buy
56300,Caesar,Penelope,PICNIC_BASKET2,SEASHELLS,30108.0,2,2,30110.5,Caesar,buy
56300,Gary,Charlie,RAINFOREST_RESIN,SEASHELLS,10008.0,6,2,10000.0,Gary,buy
56300,Charlie,Penelope,SQUID_INK,SEASHELLS,1789.0,8,2,1789.5,Charlie,buy
56500,Camilla,Caesar,VOLCANIC_ROCK_VOUCHER_10000,SEASHELLS,181.0,15,2,181.0,Camilla,buy
56500,Caesar,Caesar,VOLCANIC_ROCK_VOUCHER_10000,SEASHELLS,181.0,2,2,181.0,Caesar,buy
56500,Camilla,Caesar,VOLCANIC_ROCK_VOUCHER_10250,SEASHELLS,40.0,15,2,40.0,Camilla,buy
56500,Caesar,Caesar,VOLCANIC_ROCK_VOUCHER_10250,SEASHELLS,40.0,2,2,40.0,Caesar,buy
56500,Camilla,Caesar,VOLCANIC_ROCK_VOUCHER_10500,SEASHELLS,4.0,15,2,4.0,Camilla,buy
56500,Caesar,Caesar,VOLCANIC_ROCK_VOUCHER_10500,SEASHELLS,4.0,2,2,4.0,Caesar,buy
56500,Camilla,Caesar,VOLCANIC_ROCK_VOUCHER_9500,SEASHELLS,659.0,15,2,659.0,Camilla,buy
56500,Caesar,Caesar,VOLCANIC_ROCK_VOUCHER_9500,SEASHELLS,659.0,2,2,659.0,Caesar,buy
56500,Camilla,Caesar,VOLCANIC_ROCK_VOUCHER_9750,SEASHELLS,411.0,15,2,411.0,Camilla,buy
56500,Caesar,Caesar,VOLCANIC_ROCK_VOUCHER_9750,SEASHELLS,411.0,2,2,411.0,Caesar,buy
56600,Camilla,Caesar,VOLCANIC_ROCK_VOUCHER_10000,SEASHELLS,180.0,16,2,180.5,Camilla,buy
56600,Camilla,Caesar,VOLCANIC_ROCK_VOUCHER_10250,SEASHELLS,39.0,16,2,39.5,Camilla,buy
56600,Camilla,Caesar,VOLCANIC_ROCK_VOUCHER_10500,SEASHELLS,4.0,16,2,4.5,Camilla,buy
56600,Camilla,Caesar,VOLCANIC_ROCK_VOUCHER_9500,SEASHELLS,656.0,16,2,656.5,Camilla,buy
56600,Camilla,Caesar,VOLCANIC_ROCK_VOUCHER_9750,SEASHELLS,408.0,16,2,408.5,Camilla,buy
56800,Charlie,Paris,KELP,SEASHELLS,2045.0,2,2,2046.5,Charlie,buy
56800,Charlie,Paris,SQUID_INK,SEASHELLS,1791.0,2,2,1792.5,Charlie,buy
56900,Caesar,Camilla,JAMS,SEASHELLS,6531.0,5,2,6531.5,Caesar,buy
57000,Camilla,Caesar,VOLCANIC_ROCK_VOUCHER_10000,SEASHELLS,184.0,19,2,184.5,Camilla,buy
57000,Caesar,Caesar,VOLCANIC_ROCK_VOUCHER_10000,SEASHELLS,184.0,1,2,184.5,Caesar,buy
57000,Camilla,Caesar,VOLCANIC_ROCK_VOUCHER_10250,SEASHELLS,41.0,19,2,41.5,Camilla,buy
57000,Caesar,Caesar,VOLCANIC_ROCK_VOUCHER_10250,SEASHELLS,41.0,1,2,41.5,Caesar,buy
57000,Camilla,Caesar,VOLCANIC_ROCK_VOUCHER_10500,SEASHELLS,5.0,19,2,5.5,Camilla,buy
57000,Caesar,Caesar,VOLCANIC_ROCK_VOUCHER_10500,SEASHELLS,5.0,1,2,5.5,Caesar,buy
57000,Camilla,Caesar,VOLCANIC_ROCK_VOUCHER_9500,SEASHELLS,661.0,19,2,661.5,Camilla,buy
57000,Caesar,Caesar,VOLCANIC_ROCK_VOUCHER_9500,SEASHELLS,661.0,1,2,661.5,Caesar,buy
57000,Camilla,Caesar,VOLCANIC_ROCK_VOUCHER_9750,SEASHELLS,413.0,19,2,413.5,Camilla,buy
57000,Caesar,Caesar,VOLCANIC_ROCK_VOUCHER_9750,SEASHELLS,413.0,1,2,413.5,Caesar,buy
57100,Penelope,Camilla,PICNIC_BASKET1,SEASHELLS,58838.0,6,2,58832.5,Penelope,buy
57100,Penelope,Camilla,PICNIC_BASKET2,SEASHELLS,30102.0,6,2,30099.0,Penelope,buy
57100,Paris,Gina,RAINFOREST_RESIN,SEASHELLS,10001.0,1,2,9994.5,Paris,buy
57100,Charlie,Gina,RAINFOREST_RESIN,SEASHELLS,9997.0,6,2,9994.5,Charlie,buy
57100,Camilla,Penelope,VOLCANIC_ROCK_VOUCHER_10000,SEASHELLS,182.0,16,2,182.5,Camilla,buy
57100,Camilla,Penelope,VOLCANIC_ROCK_VOUCHER_10250,SEASHELLS,41.0,16,2,41.5,Camilla,buy
57100,Camilla,Penelope,VOLCANIC_ROCK_VOUCHER_9500,SEASHELLS,661.0,16,2,661.5,Camilla,buy
57100,Camilla,Penelope,VOLCANIC_ROCK_VOUCHER_9750,SEASHELLS,413.0,16,2,413.5,Camilla,buy
57300,Caesar,Caesar,VOLCANIC_ROCK,SEASHELLS,10161.0,7,2,10161.5,Caesar,buy
57500,Penelope,Camilla,KELP,SEASHELLS,2047.0,1,2,2046.0,Penelope,buy
57500,Penelope,Charlie,KELP,SEASHELLS,2047.0,4,2,2046.0,Penelope,buy
57500,Penelope,Camilla,SQUID_INK,SEASHELLS,1794.0,1,2,1793.0,Penelope,buy
57500,Penelope,Charlie,SQUID_INK,SEASHELLS,1794.0,4,2,1793.0,Penelope,buy
57600,Charlie,Paris,KELP,SEASHELLS,2045.0,1,2,2046.5,Charlie,buy
57600,Paris,Charlie,KELP,SEASHELLS,2048.0,1,2,2046.5,Paris,buy
57600,Charlie,Pablo,RAINFOREST_RESIN,SEASHELLS,9998.0,4,2,9995.0,Charlie,buy
57600,Charlie,Paris,SQUID_INK,SEASHELLS,1792.0,1,2,1793.5,Charlie,buy
57600,Paris,Charlie,SQUID_INK,SEASHELLS,1795.0,1,2,1793.5,Paris,buy
57800,Paris,Charlie,KELP,SEASHELLS,2047.0,1,2,2047.5,Paris,buy
57800,Paris,Charlie,SQUID_INK,SEASHELLS,1795.0,1,2,1795.5,Paris,buy
57900,Gina,Paris,KELP,SEASHELLS,2045.0,1,2,2047.5,Gina,buy
57900,Paris,Charlie,RAINFOREST_RESIN,SEASHELLS,10008.0,1,2,10000.0,Paris,buy
57900,Gina,Paris,SQUID_INK,SEASHELLS,1793.0,1,2,1795.0,Gina,buy
58100,Caesar,Paris,DJEMBES,SEASHELLS,13460.0,2,2,13460.5,Caesar,buy
58200,Camilla,Caesar,VOLCANIC_ROCK_VOUCHER_10000,SEASHELLS,177.0,19,2,177.5,Camilla,buy
58200,Camilla,Caesar,VOLCANIC_ROCK_VOUCHER_10250,SEASHELLS,40.0,19,2,40.5,Camilla,buy
58200,Camilla,Caesar,VOLCANIC_ROCK_VOUCHER_10500,SEASHELLS,4.0,19,2,4.5,Camilla,buy
58200,Camilla,Caesar,VOLCANIC_ROCK_VOUCHER_9750,SEASHELLS,411.0,19,2,411.5,Camilla,buy
58300,Charlie,Paris,KELP,SEASHELLS,2045.0,1,2,2047.0,Charlie,buy
58300,Charlie,Paris,SQUID_INK,SEASHELLS,1791.0,1,2,1790.5,Charlie,buy
58400,Paris,Pablo,KELP,SEASHELLS,2046.0,1,2,2045.5,Paris,buy
58400,Paris,Pablo,KELP,SEASHELLS,2046.0,1,2,2045.5,Paris,buy
58400,Penelope,Camilla,PICNIC_BASKET1,SEASHELLS,58824.0,5,2,58819.0,Penelope,buy
58400,Penelope,Camilla,PICNIC_BASKET2,SEASHELLS,30101.0,5,2,30098.5,Penelope,buy
58400,Paris,Pablo,SQUID_INK,SEASHELLS,1791.0,1,2,1790.5,Paris,buy
58400,Paris,Pablo,SQUID_INK,SEASHELLS,1791.0,1,2,1790.5,Paris,buy
58600,Caesar,Paris,JAMS,SEASHELLS,6529.0,6,2,6530.0,Caesar,buy
58600,Caesar,Penelope,PICNIC_BASKET1,SEASHELLS,58813.0,1,2,58817.5,Caesar,buy
58600,Caesar,Penelope,PICNIC_BASKET2,SEASHELLS,30097.0,1,2,30099.5,Caesar,buy
58700,Paris,Caesar,JAMS,SEASHELLS,6531.0,4,2,6530.0,Paris,buy
58700,Camilla,Caesar,VOLCANIC_ROCK_VOUCHER_10000,SEASHELLS,177.0,10,2,178.0,Camilla,buy
58700,Camilla,Caesar,VOLCANIC_ROCK_VOUCHER_10250,SEASHELLS,39.0,10,2,40.0,Camilla,buy
58700,Camilla,Caesar,VOLCANIC_ROCK_VOUCHER_10500,SEASHELLS,4.0,10,2,5.0,Camilla,buy
58700,Camilla,Caesar,VOLCANIC_ROCK_VOUCHER_9500,SEASHELLS,657.0,10,2,658.0,Camilla,buy
58700,Camilla,Caesar,VOLCANIC_ROCK_VOUCHER_9750,SEASHELLS,409.0,10,2,410.0,Camilla,buy
58800,Paris,Caesar,JAMS,SEASHELLS,6530.0,8,2,6529.5,Paris,buy
58900,Paris,Charlie,KELP,SEASHELLS,2049.0,2,2,2048.5,Paris,buy
58900,Charlie,Pablo,RAINFOREST_RESIN,SEASHELLS,9992.0,4,2,10000.0,Charlie,buy
58900,Paris,Charlie,SQUID_INK,SEASHELLS,1790.0,2,2,1789.5,Paris,buy
59000,Caesar,Paris,DJEMBES,SEASHELLS,13455.0,1,2,13456.0,Caesar,buy
59100,Charlie,Paris,KELP,SEASHELLS,2046.0,2,2,2047.5,Charlie,buy
59100,Pablo,Caesar,PICNIC_BASKET1,SEASHELLS,58824.0,2,2,58824.5,Pablo,buy
59100,Pablo,Caesar,PICNIC_BASKET2,SEASHELLS,30102.0,2,2,30102.0,Pablo,buy
59100,Charlie,Paris,SQUID_INK,SEASHELLS,1787.0,2,2,1789.0,Charlie,buy
59200,Caesar,Paris,CROISSANTS,SEASHELLS,4265.0,6,2,4265.5,Caesar,buy
59200,Penelope,Caesar,PICNIC_BASKET1,SEASHELLS,58833.0,2,2,58828.5,Penelope,buy
59200,Penelope,Caesar,PICNIC_BASKET2,SEASHELLS,30104.0,2,2,30101.5,Penelope,buy
59200,Caesar,Caesar,VOLCANIC_ROCK,SEASHELLS,10160.0,5,2,10160.5,Caesar,buy
59400,Paris,Caesar,DJEMBES,SEASHELLS,13456.0,1,2,13455.0,Paris,buy
59500,Caesar,Caesar,VOLCANIC_ROCK,SEASHELLS,10159.0,6,2,10160.0,Caesar,buy
59700,Caesar,Paris,JAMS,SEASHELLS,6529.0,8,2,6530.0,Caesar,buy
59700,Paris,Caesar,KELP,SEASHELLS,2048.0,1,2,2046.5,Paris,buy
59700,Paris,Caesar,SQUID_INK,SEASHELLS,1786.0,1,2,1784.5,Paris,buy
59800,Caesar,Paris,CROISSANTS,SEASHELLS,4265.0,8,2,4266.0,Caesar,buy
59800,Charlie,Gina,KELP,SEASHELLS,2046.0,10,2,2047.5,Charlie,buy
59800,Penelope,Camilla,PICNIC_BASKET1,SEASHELLS,58834.0,6,2,58828.5,Penelope,buy
59800,Penelope,Charlie,PICNIC_BASKET2,SEASHELLS,30106.0,6,2,30103.0,Penelope,buy
59800,Charlie,Gina,SQUID_INK,SEASHELLS,1785.0,10,2,1786.5,Charlie,buy
59900,Camilla,Paris,KELP,SEASHELLS,2046.0,1,2,2047.5,Camilla,buy
59900,Paris,Charlie,RAINFOREST_RESIN,SEASHELLS,10001.0,1,2,10004.5,Paris,buy
59900,Camilla,Paris,SQUID_INK,SEASHELLS,1785.0,1,2,1786.5,Camilla,buy
60000,Camilla,Paris,KELP,SEASHELLS,2046.0,1,2,2047.5,Camilla,buy
60000,Pablo,Caesar,PICNIC_BASKET1,SEASHELLS,58841.0,8,2,58841.5,Pablo,buy
60000,Pablo,Caesar,PICNIC_BASKET2,SEASHELLS,30100.0,8,2,30101.0,Pablo,buy
60000,Camilla,Paris,SQUID_INK,SEASHELLS,1786.0,1,2,1787.5,Camilla,buy
60100,Caesar,Paris,KELP,SEASHELLS,2046.0,1,2,2048.0,Caesar,buy
60100,Caesar,Paris,MAGNIFICENT_MACARONS,SEASHELLS,585.0,4,2,589.5,Caesar,buy
60100,Caesar,Paris,SQUID_INK,SEASHELLS,1784.0,1,2,1786.0,Caesar,buy
60200,Caesar,Paris,DJEMBES,SEASHELLS,13462.0,4,2,13463.0,Caesar,buy
60200,Paris,Charlie,RAINFOREST_RESIN,SEASHELLS,10008.0,1,2,10000.0,Paris,buy
60300,Paris,Caesar,JAMS,SEASHELLS,6535.0,9,2,6534.0,Paris,buy
60300,Penelope,Caesar,PICNIC_BASKET1,SEASHELLS,58849.0,2,2,58844.5,Penelope,buy
60300,Penelope,Caesar,PICNIC_BASKET2,SEASHELLS,30103.0,2,2,30100.5,Penelope,buy
60700,Caesar,Paris,DJEMBES,SEASHELLS,13462.0,1,2,13462.5,Caesar,buy
60700,Paris,Charlie,RAINFOREST_RESIN,SEASHELLS,10008.0,2,2,10000.0,Paris,buy
60900,Gary,Charlie,RAINFOREST_RESIN,SEASHELLS,10008.0,7,2,10000.0,Gary,buy
61000,Peter,Caesar,VOLCANIC_ROCK,SEASHELLS,10174.0,6,2,10173.0,Peter,buy
61100,Caesar,Paris,DJEMBES,SEASHELLS,13462.0,2,2,13462.5,Caesar,buy
61200,Caesar,Camilla,CROISSANTS,SEASHELLS,4265.0,10,2,4265.5,Caesar,buy
61200,Paris,Caesar,JAMS,SEASHELLS,6539.0,4,2,6538.0,Paris,buy
61200,Paris,Charlie,KELP,SEASHELLS,2048.0,1,2,2048.5,Paris,buy
61200,Paris,Charlie,SQUID_INK,SEASHELLS,1782.0,1,2,1782.5,Paris,buy
61300,Paris,Caesar,JAMS,SEASHELLS,6539.0,10,2,6538.0,Paris,buy
61400,Charlie,Paris,KELP,SEASHELLS,2046.0,1,2,2047.5,Charlie,buy
61400,Charlie,Paris,SQUID_INK,SEASHELLS,1780.0,1,2,1781.5,Charlie,buy
61500,Caesar,Paris,JAMS,SEASHELLS,6537.0,9,2,6538.0,Caesar,buy
61600,Caesar,Paris,JAMS,SEASHELLS,6538.0,4,2,6538.5,Caesar,buy
61600,Penelope,Charlie,KELP,SEASHELLS,2049.0,10,2,2047.5,Penelope,buy
61600,Penelope,Charlie,SQUID_INK,SEASHELLS,1783.0,10,2,1781.5,Penelope,buy
62000,Caesar,Camilla,DJEMBES,SEASHELLS,13457.0,6,2,13458.0,Caesar,buy
62000,Paris,Caesar,JAMS,SEASHELLS,6542.0,10,2,6541.5,Paris,buy
62200,Camilla,Paris,KELP,SEASHELLS,2046.0,1,2,2048.5,Camilla,buy
62200,Camilla,Paris,SQUID_INK,SEASHELLS,1780.0,1,2,1781.5,Camilla,buy
62300,Charlie,Paris,KELP,SEASHELLS,2046.0,1,2,2048.0,Charlie,buy
62300,Penelope,Charlie,RAINFOREST_RESIN,SEASHELLS,10008.0,8,2,10000.0,Penelope,buy
62300,Caesar,Paris,SQUID_INK,SEASHELLS,1779.0,1,2,1779.5,Caesar,buy
62500,Charlie,Paris,KELP,SEASHELLS,2046.0,1,2,2048.0,Charlie,buy
62500,Charlie,Paris,SQUID_INK,SEASHELLS,1778.0,1,2,1779.5,Charlie,buy
62600,Paris,Caesar,DJEMBES,SEASHELLS,13461.0,4,2,13460.0,Paris,buy
62600,Paris,Charlie,KELP,SEASHELLS,2048.0,1,2,2049.0,Paris,buy
62600,Paris,Charlie,SQUID_INK,SEASHELLS,1779.0,1,2,1779.5,Paris,buy
62700,Paris,Camilla,KELP,SEASHELLS,2048.0,1,2,2047.0,Paris,buy
62700,Penelope,Camilla,KELP,SEASHELLS,2048.0,7,2,2047.0,Penelope,buy
62700,Paris,Camilla,SQUID_INK,SEASHELLS,1778.0,1,2,1777.0,Paris,buy
62700,Penelope,Camilla,SQUID_INK,SEASHELLS,1778.0,7,2,1777.0,Penelope,buy
62900,Paris,Caesar,DJEMBES,SEASHELLS,13460.0,5,2,13459.5,Paris,buy
63000,Caesar,Paris,DJEMBES,SEASHELLS,13461.0,5,2,13461.5,Caesar,buy
63200,Paris,Charlie,KELP,SEASHELLS,2049.0,1,2,2047.5,Paris,buy
63200,Paris,Caesar,SQUID_INK,SEASHELLS,1778.0,1,2,1776.5,Paris,buy
63400,Paris,Camilla,KELP,SEASHELLS,2048.0,1,2,2047.0,Paris,buy
63400,Paris,Camilla,SQUID_INK,SEASHELLS,1775.0,1,2,1774.5,Paris,buy
63500,Paris,Caesar,DJEMBES,SEASHELLS,13460.0,4,2,13459.5,Paris,buy
63600,Camilla,Penelope,VOLCANIC_ROCK_VOUCHER_10000,SEASHELLS,202.0,12,2,202.5,Camilla,buy
63600,Caesar,Penelope,VOLCANIC_ROCK_VOUCHER_10000,SEASHELLS,202.0,1,2,202.5,Caesar,buy
63600,Camilla,Penelope,VOLCANIC_ROCK_VOUCHER_9500,SEASHELLS,684.0,12,2,684.5,Camilla,buy
63600,Caesar,Penelope,VOLCANIC_ROCK_VOUCHER_9500,SEASHELLS,684.0,1,2,684.5,Caesar,buy
63600,Camilla,Penelope,VOLCANIC_ROCK_VOUCHER_9750,SEASHELLS,435.0,12,2,436.0,Camilla,buy
63600,Caesar,Penelope,VOLCANIC_ROCK_VOUCHER_9750,SEASHELLS,435.0,1,2,436.0,Caesar,buy
63800,Paris,Caesar,DJEMBES,SEASHELLS,13460.0,4,2,13459.0,Paris,buy
63800,Paris,Charlie,KELP,SEASHELLS,2048.0,1,2,2048.5,Paris,buy
63800,Paris,Charlie,SQUID_INK,SEASHELLS,1776.0,1,2,1776.5,Paris,buy
63900,Caesar,Caesar,VOLCANIC_ROCK,SEASHELLS,10185.0,8,2,10186.0,Caesar,buy
64100,Paris,Caesar,CROISSANTS,SEASHELLS,4265.0,6,2,4264.5,Paris,buy
64100,Caesar,Paris,DJEMBES,SEASHELLS,13458.0,5,2,13458.5,Caesar,buy
64100,Paris,Charlie,RAINFOREST_RESIN,SEASHELLS,10001.0,1,2,10004.5,Paris,buy
64200,Charlie,Paris,KELP,SEASHELLS,2046.0,1,2,2047.0,Charlie,buy
64200,Caesar,Paris,SQUID_INK,SEASHELLS,1776.0,1,2,1776.5,Caesar,buy
64300,Paris,Charlie,RAINFOREST_RESIN,SEASHELLS,10008.0,1,2,10000.0,Paris,buy
64400,Paris,Caesar,DJEMBES,SEASHELLS,13460.0,4,2,13459.0,Paris,buy
64400,Caesar,Camilla,JAMS,SEASHELLS,6535.0,6,2,6535.5,Caesar,buy
64600,Caesar,Paris,DJEMBES,SEASHELLS,13456.0,5,2,13456.5,Caesar,buy
64600,Charlie,Paris,KELP,SEASHELLS,2046.0,1,2,2047.5,Charlie,buy
64600,Charlie,Paris,SQUID_INK,SEASHELLS,1776.0,1,2,1777.5,Charlie,buy
64700,Caesar,Caesar,VOLCANIC_ROCK,SEASHELLS,10189.0,6,2,10190.0,Caesar,buy
64800,Charlie,Caesar,KELP,SEASHELLS,2047.0,2,2,2046.5,Charlie,buy
64800,Charlie,Paris,RAINFOREST_RESIN,SEASHELLS,9999.0,1,2,9995.5,Charlie,buy
64800,Charlie,Caesar,SQUID_INK,SEASHELLS,1776.0,2,2,1775.5,Charlie,buy
65000,Paris,Camilla,KELP,SEASHELLS,2048.0,2,2,2047.5,Paris,buy
65000,Paris,Camilla,SQUID_INK,SEASHELLS,1773.0,2,2,1772.5,Paris,buy
65100,Caesar,Camilla,CROISSANTS,SEASHELLS,4263.0,8,2,4263.5,Caesar,buy
65100,Camilla,Paris,KELP,SEASHELLS,2046.0,1,2,2047.5,Camilla,buy
65100,Camilla,Paris,SQUID_INK,SEASHELLS,1773.0,1,2,1774.5,Camilla,buy
65200,Paris,Caesar,CROISSANTS,SEASHELLS,4264.0,5,2,4263.5,Paris,buy
65200,Camilla,Caesar,VOLCANIC_ROCK_VOUCHER_10250,SEASHELLS,50.0,17,2,50.5,Camilla,buy
65200,Camilla,Caesar,VOLCANIC_ROCK_VOUCHER_10500,SEASHELLS,6.0,17,2,6.5,Camilla,buy
65200,Camilla,Caesar,VOLCANIC_ROCK_VOUCHER_9500,SEASHELLS,689.0,17,2,689.5,Camilla,buy
65200,Camilla,Caesar,VOLCANIC_ROCK_VOUCHER_9750,SEASHELLS,440.0,17,2,440.5,Camilla,buy
65300,Paris,Caesar,CROISSANTS,SEASHELLS,4264.0,6,2,4263.0,Paris,buy
65300,Caesar,Paris,JAMS,SEASHELLS,6537.0,10,2,6538.0,Caesar,buy
65400,Paris,Caesar,CROISSANTS,SEASHELLS,4264.0,8,2,4263.0,Paris,buy
65400,Caesar,Paris,DJEMBES,SEASHELLS,13454.0,4,2,13454.5,Caesar,buy
65400,Charlie,Paris,KELP,SEASHELLS,2046.0,1,2,2047.5,Charlie,buy
65400,Paris,Charlie,RAINFOREST_RESIN,SEASHELLS,10008.0,1,2,10000.0,Paris,buy
65400,Charlie,Paris,SQUID_INK,SEASHELLS,1775.0,1,2,1776.5,Charlie,buy
65500,Paris,Caesar,CROISSANTS,SEASHELLS,4264.0,5,2,4263.5,Paris,buy
65500,Gina,Camilla,KELP,SEASHELLS,2048.0,4,2,2048.5,Gina,buy
65500,Gina,Gary,KELP,SEASHELLS,2048.0,4,2,2048.5,Gina,buy
65500,Gina,Camilla,SQUID_INK,SEASHELLS,1776.0,4,2,1777.0,Gina,buy
65500,Gina,Gary,SQUID_INK,SEASHELLS,1776.0,4,2,1777.0,Gina,buy
65700,Charlie,Paris,KELP,SEASHELLS,2046.0,1,2,2047.5,Charlie,buy
65700,Charlie,Pablo,RAINFOREST_RESIN,SEASHELLS,9992.0,5,2,9994.5,Charlie,buy
65700,Charlie,Gina,RAINFOREST_RESIN,SEASHELLS,9997.0,8,2,9994.5,Charlie,buy
65700,Charlie,Paris,SQUID_INK,SEASHELLS,1774.0,1,2,1775.5,Charlie,buy
65700,Caesar,Caesar,VOLCANIC_ROCK,SEASHELLS,10191.0,10,2,10191.5,Caesar,buy
66000,Paris,Charlie,KELP,SEASHELLS,2049.0,2,2,2048.5,Paris,buy
66000,Paris,Charlie,SQUID_INK,SEASHELLS,1778.0,2,2,1777.5,Paris,buy
66300,Charlie,Paris,KELP,SEASHELLS,2045.0,1,2,2047.0,Charlie,buy
66300,Charlie,Paris,SQUID_INK,SEASHELLS,1771.0,1,2,1772.5,Charlie,buy
66300,Camilla,Caesar,VOLCANIC_ROCK_VOUCHER_10000,SEASHELLS,205.0,13,2,205.5,Camilla,buy
66300,Camilla,Caesar,VOLCANIC_ROCK_VOUCHER_10250,SEASHELLS,50.0,13,2,50.5,Camilla,buy
66300,Camilla,Caesar,VOLCANIC_ROCK_VOUCHER_10500,SEASHELLS,6.0,13,2,6.5,Camilla,buy
66300,Camilla,Caesar,VOLCANIC_ROCK_VOUCHER_9500,SEASHELLS,687.0,13,2,687.5,Camilla,buy
66300,Camilla,Caesar,VOLCANIC_ROCK_VOUCHER_9750,SEASHELLS,439.0,13,2,439.5,Camilla,buy
66400,Caesar,Pablo,PICNIC_BASKET1,SEASHELLS,58832.0,2,2,58836.0,Caesar,buy
66400,Camilla,Pablo,PICNIC_BASKET1,SEASHELLS,58831.0,3,2,58836.0,Camilla,buy
66400,Camilla,Pablo,PICNIC_BASKET2,SEASHELLS,30063.0,5,2,30065.5,Camilla,buy
66500,Caesar,Paris,KELP,SEASHELLS,2046.0,1,2,2047.0,Caesar,buy
66500,Caesar,Paris,SQUID_INK,SEASHELLS,1773.0,1,2,1773.5,Caesar,buy
66700,Camilla,Paris,KELP,SEASHELLS,2046.0,1,2,2047.5,Camilla,buy
66700,Camilla,Paris,SQUID_INK,SEASHELLS,1775.0,1,2,1777.0,Camilla,buy
66900,Gina,Penelope,KELP,SEASHELLS,2047.0,8,2,2048.0,Gina,buy
66900,Gina,Penelope,SQUID_INK,SEASHELLS,1780.0,8,2,1780.5,Gina,buy
67000,Paris,Charlie,SQUID_INK,SEASHELLS,1782.0,1,2,1782.5,Paris,buy
67200,Camilla,Caesar,VOLCANIC_ROCK_VOUCHER_10000,SEASHELLS,201.0,11,2,201.5,Camilla,buy
67200,Caesar,Caesar,VOLCANIC_ROCK_VOUCHER_10000,SEASHELLS,201.0,1,2,201.5,Caesar,buy
67200,Camilla,Caesar,VOLCANIC_ROCK_VOUCHER_10250,SEASHELLS,47.0,11,2,47.5,Camilla,buy
67200,Caesar,Caesar,VOLCANIC_ROCK_VOUCHER_10250,SEASHELLS,47.0,1,2,47.5,Caesar,buy
67200,Camilla,Caesar,VOLCANIC_ROCK_VOUCHER_10500,SEASHELLS,6.0,11,2,6.5,Camilla,buy
67200,Caesar,Caesar,VOLCANIC_ROCK_VOUCHER_10500,SEASHELLS,6.0,1,2,6.5,Caesar,buy
67200,Camilla,Caesar,VOLCANIC_ROCK_VOUCHER_9500,SEASHELLS,680.0,11,2,680.5,Camilla,buy
67200,Caesar,Caesar,VOLCANIC_ROCK_VOUCHER_9500,SEASHELLS,680.0,1,2,680.5,Caesar,buy
67200,Camilla,Caesar,VOLCANIC_ROCK_VOUCHER_9750,SEASHELLS,431.0,11,2,431.5,Camilla,buy
67200,Caesar,Caesar,VOLCANIC_ROCK_VOUCHER_9750,SEASHELLS,431.0,1,2,431.5,Caesar,buy
67300,Caesar,Paris,DJEMBES,SEASHELLS,13456.0,5,2,13456.5,Caesar,buy
67300,Charlie,Paris,KELP,SEASHELLS,2045.0,1,2,2046.0,Charlie,buy
67300,Charlie,Paris,SQUID_INK,SEASHELLS,1779.0,1,2,1780.0,Charlie,buy
67400,Camilla,Pablo,PICNIC_BASKET1,SEASHELLS,58836.0,2,2,58841.0,Camilla,buy
67400,Caesar,Pablo,PICNIC_BASKET2,SEASHELLS,30071.0,2,2,30073.0,Caesar,buy
67500,Caesar,Caesar,VOLCANIC_ROCK,SEASHELLS,10180.0,9,2,10181.0,Caesar,buy
67600,Charlie,Paris,KELP,SEASHELLS,2045.0,2,2,2047.0,Charlie,buy
67600,Charlie,Paris,SQUID_INK,SEASHELLS,1780.0,2,2,1781.5,Charlie,buy
67700,Camilla,Paris,KELP,SEASHELLS,2046.0,1,2,2047.5,Camilla,buy
67700,Camilla,Paris,SQUID_INK,SEASHELLS,1782.0,1,2,1783.5,Camilla,buy
67800,Paris,Caesar,KELP,SEASHELLS,2048.0,1,2,2046.5,Paris,buy
67800,Caesar,Paris,MAGNIFICENT_MACARONS,SEASHELLS,569.0,7,2,573.5,Caesar,buy
67800,Paris,Caesar,SQUID_INK,SEASHELLS,1783.0,1,2,1781.5,Paris,buy
67900,Caesar,Camilla,JAMS,SEASHELLS,6540.0,10,2,6541.0,Caesar,buy
67900,Charlie,Paris,RAINFOREST_RESIN,SEASHELLS,9992.0,1,2,10000.0,Charlie,buy
68000,Paris,Charlie,KELP,SEASHELLS,2049.0,2,2,2047.5,Paris,buy
68000,Paris,Charlie,SQUID_INK,SEASHELLS,1782.0,2,2,1780.5,Paris,buy
68100,Penelope,Charlie,KELP,SEASHELLS,2049.0,11,2,2047.5,Penelope,buy
68100,Caesar,Penelope,PICNIC_BASKET1,SEASHELLS,58828.0,2,2,58832.5,Caesar,buy
68100,Camilla,Penelope,PICNIC_BASKET2,SEASHELLS,30070.0,6,2,30072.5,Camilla,buy
68100,Penelope,Caesar,SQUID_INK,SEASHELLS,1782.0,2,2,1780.5,Penelope,buy
68200,Caesar,Camilla,DJEMBES,SEASHELLS,13454.0,9,2,13454.5,Caesar,buy
68200,Paris,Caesar,JAMS,SEASHELLS,6542.0,4,2,6541.0,Paris,buy
68300,Charlie,Paris,KELP,SEASHELLS,2046.0,1,2,2047.5,Charlie,buy
68300,Charlie,Pablo,RAINFOREST_RESIN,SEASHELLS,9998.0,4,2,9995.0,Charlie,buy
68300,Charlie,Paris,SQUID_INK,SEASHELLS,1781.0,1,2,1782.5,Charlie,buy
68400,Paris,Caesar,CROISSANTS,SEASHELLS,4265.0,6,2,4264.5,Paris,buy
68600,Paris,Caesar,DJEMBES,SEASHELLS,13458.0,3,2,13457.0,Paris,buy
68900,Gina,Paris,RAINFOREST_RESIN,SEASHELLS,9999.0,1,2,10005.5,Gina,buy
69000,Paris,Charlie,KELP,SEASHELLS,2049.0,2,2,2047.5,Paris,buy
69000,Paris,Charlie,SQUID_INK,SEASHELLS,1785.0,2,2,1783.5,Paris,buy
69100,Caesar,Paris,DJEMBES,SEASHELLS,13461.0,2,2,13461.5,Caesar,buy
69100,Caesar,Paris,MAGNIFICENT_MACARONS,SEASHELLS,586.0,7,2,590.5,Caesar,buy
69100,Charlie,Paris,RAINFOREST_RESIN,SEASHELLS,9992.0,1,2,10000.0,Charlie,buy
69300,Camilla,Pablo,VOLCANIC_ROCK_VOUCHER_10000,SEASHELLS,209.0,15,2,209.5,Camilla,buy
69300,Camilla,Pablo,VOLCANIC_ROCK_VOUCHER_10250,SEASHELLS,52.0,15,2,52.5,Camilla,buy
69300,Camilla,Pablo,VOLCANIC_ROCK_VOUCHER_10500,SEASHELLS,6.0,15,2,6.5,Camilla,buy
69300,Camilla,Pablo,VOLCANIC_ROCK_VOUCHER_9500,SEASHELLS,692.0,15,2,692.5,Camilla,buy
69300,Camilla,Pablo,VOLCANIC_ROCK_VOUCHER_9750,SEASHELLS,443.0,15,2,443.5,Camilla,buy
69500,Caesar,Pablo,PICNIC_BASKET1,SEASHELLS,58854.0,1,2,58853.5,Caesar,buy
69500,Camilla,Pablo,PICNIC_BASKET2,SEASHELLS,30061.0,5,2,30063.5,Camilla,buy
69600,Penelope,Charlie,RAINFOREST_RESIN,SEASHELLS,10008.0,5,2,10000.0,Penelope,buy
69600,Camilla,Caesar,VOLCANIC_ROCK_VOUCHER_10000,SEASHELLS,206.0,20,2,207.0,Camilla,buy
69600,Camilla,Caesar,VOLCANIC_ROCK_VOUCHER_10250,SEASHELLS,50.0,20,2,51.0,Camilla,buy
69600,Camilla,Caesar,VOLCANIC_ROCK_VOUCHER_10500,SEASHELLS,6.0,20,2,7.0,Camilla,buy
69600,Camilla,Caesar,VOLCANIC_ROCK_VOUCHER_9500,SEASHELLS,689.0,20,2,690.0,Camilla,buy
69600,Camilla,Caesar,VOLCANIC_ROCK_VOUCHER_9750,SEASHELLS,440.0,20,2,441.0,Camilla,buy
69800,Caesar,Paris,CROISSANTS,SEASHELLS,4263.0,5,2,4263.5,Caesar,buy
70200,Charlie,Pablo,KELP,SEASHELLS,2046.0,3,2,2047.5,Charlie,buy
70200,Charlie,Pablo,SQUID_INK,SEASHELLS,1781.0,3,2,1782.5,Charlie,buy
70300,Paris,Caesar,DJEMBES,SEASHELLS,13473.0,5,2,13472.5,Paris,buy
70300,Caesar,Pablo,PICNIC_BASKET1,SEASHELLS,58864.0,1,2,58868.0,Caesar,buy
70300,Camilla,Pablo,PICNIC_BASKET1,SEASHELLS,58863.0,7,2,58868.0,Camilla,buy
70300,Camilla,Pablo,PICNIC_BASKET2,SEASHELLS,30078.0,8,2,30080.5,Camilla,buy
70600,Paris,Caesar,CROISSANTS,SEASHELLS,4266.0,8,2,4265.0,Paris,buy
70600,Charlie,Pablo,RAINFOREST_RESIN,SEASHELLS,9998.0,3,2,9995.0,Charlie,buy
71100,Paris,Caesar,CROISSANTS,SEASHELLS,4266.0,5,2,4265.5,Paris,buy
71200,Caesar,Paris,JAMS,SEASHELLS,6543.0,7,2,6544.0,Caesar,buy
71300,Charlie,Pablo,RAINFOREST_RESIN,SEASHELLS,9998.0,5,2,9995.0,Charlie,buy
71500,Caesar,Camilla,CROISSANTS,SEASHELLS,4266.0,10,2,4266.5,Caesar,buy
71700,Paris,Caesar,DJEMBES,SEASHELLS,13468.0,3,2,13467.5,Paris,buy
71700,Camilla,Caesar,VOLCANIC_ROCK_VOUCHER_10000,SEASHELLS,206.0,11,2,206.0,Camilla,buy
71700,Caesar,Caesar,VOLCANIC_ROCK_VOUCHER_10000,SEASHELLS,206.0,1,2,206.0,Caesar,buy
71700,Camilla,Caesar,VOLCANIC_ROCK_VOUCHER_10250,SEASHELLS,51.0,11,2,51.0,Camilla,buy
71700,Caesar,Caesar,VOLCANIC_ROCK_VOUCHER_10250,SEASHELLS,51.0,1,2,51.0,Caesar,buy
71700,Camilla,Caesar,VOLCANIC_ROCK_VOUCHER_10500,SEASHELLS,6.0,11,2,6.0,Camilla,buy
71700,Caesar,Caesar,VOLCANIC_ROCK_VOUCHER_10500,SEASHELLS,6.0,1,2,6.0,Caesar,buy
71700,Camilla,Caesar,VOLCANIC_ROCK_VOUCHER_9500,SEASHELLS,690.0,11,2,690.0,Camilla,buy
71700,Caesar,Caesar,VOLCANIC_ROCK_VOUCHER_9500,SEASHELLS,690.0,1,2,690.0,Caesar,buy
71700,Camilla,Caesar,VOLCANIC_ROCK_VOUCHER_9750,SEASHELLS,442.0,11,2,442.0,Camilla,buy
71700,Caesar,Caesar,VOLCANIC_ROCK_VOUCHER_9750,SEASHELLS,442.0,1,2,442.0,Caesar,buy
71800,Paris,Charlie,RAINFOREST_RESIN,SEASHELLS,10001.0,1,2,10002.0,Paris,buy
72000,Paris,Caesar,DJEMBES,SEASHELLS,13471.0,1,2,13470.5,Paris,buy
72100,Camilla,Pablo,PICNIC_BASKET1,SEASHELLS,58904.0,8,2,58909.5,Camilla,buy
72200,Charlie,Paris,KELP,SEASHELLS,2045.0,1,2,2047.0,Charlie,buy
72200,Penelope,Charlie,KELP,SEASHELLS,2049.0,14,2,2047.0,Penelope,buy
72200,Charlie,Paris,SQUID_INK,SEASHELLS,1785.0,1,2,1786.5,Charlie,buy
72200,Penelope,Charlie,SQUID_INK,SEASHELLS,1788.0,14,2,1786.5,Penelope,buy
72400,Caesar,Camilla,CROISSANTS,SEASHELLS,4267.0,5,2,4267.5,Caesar,buy
72400,Penelope,Charlie,KELP,SEASHELLS,2049.0,6,2,2048.0,Penelope,buy
72400,Penelope,Charlie,SQUID_INK,SEASHELLS,1787.0,6,2,1786.0,Penelope,buy
72400,Caesar,Caesar,VOLCANIC_ROCK,SEASHELLS,10185.0,5,2,10185.5,Caesar,buy
72500,Charlie,Paris,KELP,SEASHELLS,2045.0,2,2,2047.0,Charlie,buy
72500,Paris,Charlie,RAINFOREST_RESIN,SEASHELLS,10001.0,1,2,10004.5,Paris,buy
72500,Charlie,Paris,SQUID_INK,SEASHELLS,1786.0,2,2,1787.5,Charlie,buy
72600,Caesar,Paris,CROISSANTS,SEASHELLS,4267.0,7,2,4267.5,Caesar,buy
72600,Paris,Caesar,DJEMBES,SEASHELLS,13473.0,4,2,13472.5,Paris,buy
72700,Paris,Caesar,JAMS,SEASHELLS,6544.0,7,2,6543.0,Paris,buy
72700,Camilla,Penelope,PICNIC_BASKET1,SEASHELLS,58898.0,8,2,58903.0,Camilla,buy
72700,Camilla,Penelope,PICNIC_BASKET2,SEASHELLS,30085.0,8,2,30088.0,Camilla,buy
72800,Paris,Charlie,KELP,SEASHELLS,2049.0,2,2,2047.5,Paris,buy
72800,Paris,Charlie,SQUID_INK,SEASHELLS,1788.0,2,2,1786.5,Paris,buy
72900,Charlie,Paris,KELP,SEASHELLS,2046.0,1,2,2045.5,Charlie,buy
72900,Charlie,Paris,SQUID_INK,SEASHELLS,1786.0,1,2,1785.5,Charlie,buy
73000,Charlie,Pablo,RAINFOREST_RESIN,SEASHELLS,9992.0,6,2,9996.0,Charlie,buy
73000,Camilla,Caesar,VOLCANIC_ROCK_VOUCHER_10000,SEASHELLS,202.0,12,2,202.5,Camilla,buy
73000,Camilla,Caesar,VOLCANIC_ROCK_VOUCHER_10250,SEASHELLS,49.0,12,2,49.5,Camilla,buy
73000,Camilla,Caesar,VOLCANIC_ROCK_VOUCHER_10500,SEASHELLS,6.0,12,2,6.5,Camilla,buy
73000,Camilla,Caesar,VOLCANIC_ROCK_VOUCHER_9500,SEASHELLS,685.0,12,2,685.5,Camilla,buy
73000,Camilla,Caesar,VOLCANIC_ROCK_VOUCHER_9750,SEASHELLS,436.0,12,2,436.5,Camilla,buy
73100,Caesar,Paris,JAMS,SEASHELLS,6542.0,8,2,6543.0,Caesar,buy
73300,Pablo,Charlie,RAINFOREST_RESIN,SEASHELLS,10008.0,5,2,10000.0,Pablo,buy
73500,Charlie,Penelope,PICNIC_BASKET1,SEASHELLS,58900.0,6,2,58905.5,Charlie,buy
73500,Charlie,Penelope,PICNIC_BASKET2,SEASHELLS,30091.0,6,2,30094.0,Charlie,buy
73500,Paris,Charlie,RAINFOREST_RESIN,SEASHELLS,10008.0,1,2,10000.0,Paris,buy
73600,Caesar,Paris,JAMS,SEASHELLS,6544.0,8,2,6545.0,Caesar,buy
73700,Penelope,Camilla,PICNIC_BASKET1,SEASHELLS,58917.0,8,2,58911.5,Penelope,buy
73700,Penelope,Charlie,PICNIC_BASKET2,SEASHELLS,30105.0,8,2,30102.0,Penelope,buy
73700,Pablo,Paris,RAINFOREST_RESIN,SEASHELLS,10002.0,1,2,10005.0,Pablo,buy
73700,Pablo,Charlie,RAINFOREST_RESIN,SEASHELLS,10002.0,3,2,10005.0,Pablo,buy
73800,Caesar,Paris,DJEMBES,SEASHELLS,13474.0,4,2,13474.5,Caesar,buy
73900,Charlie,Paris,RAINFOREST_RESIN,SEASHELLS,9999.0,1,2,9995.5,Charlie,buy
74000,Paris,Caesar,DJEMBES,SEASHELLS,13476.0,4,2,13475.5,Paris,buy
74000,Charlie,Penelope,RAINFOREST_RESIN,SEASHELLS,9992.0,8,2,10000.0,Charlie,buy
74100,Penelope,Charlie,KELP,SEASHELLS,2049.0,8,2,2047.5,Penelope,buy
74100,Penelope,Charlie,SQUID_INK,SEASHELLS,1786.0,8,2,1785.0,Penelope,buy
74200,Pablo,Charlie,RAINFOREST_RESIN,SEASHELLS,10008.0,5,2,10000.0,Pablo,buy
74300,Paris,Charlie,KELP,SEASHELLS,2048.0,1,2,2048.5,Paris,buy
74300,Paris,Charlie,SQUID_INK,SEASHELLS,1787.0,1,2,1787.5,Paris,buy
74400,Caesar,Camilla,CROISSANTS,SEASHELLS,4266.0,6,2,4266.5,Caesar,buy
74400,Paris,Caesar,CROISSANTS,SEASHELLS,4267.0,5,2,4266.5,Paris,buy
74400,Caesar,Paris,DJEMBES,SEASHELLS,13477.0,4,2,13477.5,Caesar,buy
74400,Charlie,Paris,KELP,SEASHELLS,2046.0,1,2,2045.5,Charlie,buy
74400,Charlie,Paris,SQUID_INK,SEASHELLS,1785.0,1,2,1786.5,Charlie,buy
74400,Caesar,Peter,VOLCANIC_ROCK,SEASHELLS,10188.0,10,2,10188.5,Caesar,buy
74500,Caesar,Pablo,PICNIC_BASKET1,SEASHELLS,58892.0,2,2,58891.5,Caesar,buy
74500,Camilla,Penelope,PICNIC_BASKET1,SEASHELLS,58891.0,10,2,58891.5,Camilla,buy
74500,Camilla,Pablo,PICNIC_BASKET2,SEASHELLS,30095.0,7,2,30097.5,Camilla,buy
74500,Camilla,Penelope,PICNIC_BASKET2,SEASHELLS,30095.0,8,2,30097.5,Camilla,buy
74500,Caesar,Penelope,PICNIC_BASKET2,SEASHELLS,30095.0,2,2,30097.5,Caesar,buy
74600,Camilla,Camilla,MAGNIFICENT_MACARONS,SEASHELLS,639.0,3,2,637.0,Camilla,buy
74700,Caesar,Caesar,VOLCANIC_ROCK,SEASHELLS,10188.0,5,2,10187.5,Caesar,buy
74800,Paris,Charlie,KELP,SEASHELLS,2048.0,1,2,2048.5,Paris,buy
74900,Paris,Caesar,DJEMBES,SEASHELLS,13476.0,3,2,13475.5,Paris,buy
74900,Camilla,Caesar,VOLCANIC_ROCK_VOUCHER_10000,SEASHELLS,199.0,14,2,199.5,Camilla,buy
74900,Camilla,Caesar,VOLCANIC_ROCK_VOUCHER_10250,SEASHELLS,49.0,14,2,49.5,Camilla,buy
74900,Camilla,Caesar,VOLCANIC_ROCK_VOUCHER_10500,SEASHELLS,6.0,14,2,6.5,Camilla,buy
74900,Camilla,Caesar,VOLCANIC_ROCK_VOUCHER_9500,SEASHELLS,685.0,14,2,685.5,Camilla,buy
74900,Camilla,Caesar,VOLCANIC_ROCK_VOUCHER_9750,SEASHELLS,437.0,14,2,437.5,Camilla,buy
75100,Caesar,Paris,CROISSANTS,SEASHELLS,4266.0,6,2,4267.0,Caesar,buy
75200,Charlie,Paris,KELP,SEASHELLS,2046.0,1,2,2047.5,Charlie,buy
75200,Paris,Charlie,MAGNIFICENT_MACARONS,SEASHELLS,646.0,5,2,641.5,Paris,buy
75200,Charlie,Paris,SQUID_INK,SEASHELLS,1783.0,1,2,1784.5,Charlie,buy
75300,Charlie,Paris,RAINFOREST_RESIN,SEASHELLS,9992.0,2,2,10000.0,Charlie,buy
75400,Charlie,Gary,KELP,SEASHELLS,2046.0,15,2,2047.5,Charlie,buy
75400,Charlie,Gary,SQUID_INK,SEASHELLS,1784.0,15,2,1785.5,Charlie,buy
75500,Caesar,Caesar,VOLCANIC_ROCK,SEASHELLS,10186.0,5,2,10187.0,Caesar,buy
75600,Charlie,Paris,KELP,SEASHELLS,2046.0,1,2,2047.0,Charlie,buy
75600,Caesar,Paris,MAGNIFICENT_MACARONS,SEASHELLS,641.0,5,2,645.5,Caesar,buy
75600,Charlie,Paris,MAGNIFICENT_MACARONS,SEASHELLS,641.0,2,2,645.5,Charlie,buy
75600,Charlie,Paris,SQUID_INK,SEASHELLS,1785.0,1,2,1786.0,Charlie,buy
75700,Caesar,Paris,DJEMBES,SEASHELLS,13478.0,4,2,13478.5,Caesar,buy
75800,Paris,Charlie,MAGNIFICENT_MACARONS,SEASHELLS,650.0,6,2,645.5,Paris,buy
76000,Caesar,Paris,JAMS,SEASHELLS,6542.0,6,2,6543.0,Caesar,buy
76000,Pablo,Camilla,KELP,SEASHELLS,2047.0,2,2,2048.0,Pablo,buy
76000,Pablo,Camilla,SQUID_INK,SEASHELLS,1785.0,2,2,1785.5,Pablo,buy
76000,Camilla,Caesar,VOLCANIC_ROCK_VOUCHER_10000,SEASHELLS,200.0,16,2,200.5,Camilla,buy
76000,Caesar,Caesar,VOLCANIC_ROCK_VOUCHER_10000,SEASHELLS,200.0,1,2,200.5,Caesar,buy
76000,Camilla,Caesar,VOLCANIC_ROCK_VOUCHER_10250,SEASHELLS,48.0,16,2,48.5,Camilla,buy
76000,Caesar,Caesar,VOLCANIC_ROCK_VOUCHER_10250,SEASHELLS,48.0,1,2,48.5,Caesar,buy
76000,Camilla,Caesar,VOLCANIC_ROCK_VOUCHER_10500,SEASHELLS,6.0,16,2,6.5,Camilla,buy
76000,Caesar,Caesar,VOLCANIC_ROCK_VOUCHER_10500,SEASHELLS,6.0,1,2,6.5,Caesar,buy
76000,Camilla,Caesar,VOLCANIC_ROCK_VOUCHER_9500,SEASHELLS,683.0,16,2,683.5,Camilla,buy
76000,Caesar,Caesar,VOLCANIC_ROCK_VOUCHER_9500,SEASHELLS,683.0,1,2,683.5,Caesar,buy
76000,Camilla,Caesar,VOLCANIC_ROCK_VOUCHER_9750,SEASHELLS,435.0,16,2,435.5,Camilla,buy
76000,Caesar,Caesar,VOLCANIC_ROCK_VOUCHER_9750,SEASHELLS,435.0,1,2,435.5,Caesar,buy
76400,Caesar,Camilla,CROISSANTS,SEASHELLS,4265.0,4,2,4265.5,Caesar,buy
76400,Paris,Charlie,KELP,SEASHELLS,2048.0,1,2,2048.5,Paris,buy
76400,Paris,Charlie,SQUID_INK,SEASHELLS,1786.0,1,2,1786.5,Paris,buy
76500,Paris,Caesar,CROISSANTS,SEASHELLS,4265.0,5,2,4264.5,Paris,buy
76500,Paris,Charlie,KELP,SEASHELLS,2048.0,1,2,2048.5,Paris,buy
76500,Paris,Charlie,SQUID_INK,SEASHELLS,1784.0,1,2,1784.5,Paris,buy
76700,Pablo,Caesar,RAINFOREST_RESIN,SEASHELLS,10002.0,4,2,10005.0,Pablo,buy
76800,Caesar,Camilla,CROISSANTS,SEASHELLS,4264.0,7,2,4264.5,Caesar,buy
76900,Caesar,Paris,CROISSANTS,SEASHELLS,4264.0,5,2,4264.5,Caesar,buy
77000,Caesar,Caesar,VOLCANIC_ROCK,SEASHELLS,10183.0,6,2,10183.5,Caesar,buy
77100,Paris,Charlie,KELP,SEASHELLS,2048.0,1,2,2048.5,Paris,buy
77100,Paris,Charlie,SQUID_INK,SEASHELLS,1787.0,1,2,1787.5,Paris,buy
77200,Caesar,Camilla,CROISSANTS,SEASHELLS,4264.0,9,2,4264.5,Caesar,buy
77200,Paris,Charlie,MAGNIFICENT_MACARONS,SEASHELLS,632.0,5,2,627.5,Paris,buy
77500,Caesar,Camilla,CROISSANTS,SEASHELLS,4263.0,4,2,4263.5,Caesar,buy
77800,Caesar,Paris,RAINFOREST_RESIN,SEASHELLS,9999.0,1,2,10004.0,Caesar,buy
78100,Camilla,Paris,KELP,SEASHELLS,2046.0,1,2,2047.5,Camilla,buy
78100,Camilla,Paris,SQUID_INK,SEASHELLS,1786.0,1,2,1787.5,Camilla,buy
78200,Caesar,Camilla,JAMS,SEASHELLS,6539.0,7,2,6539.5,Caesar,buy
78300,Paris,Charlie,KELP,SEASHELLS,2049.0,1,2,2048.5,Paris,buy
78300,Paris,Charlie,KELP,SEASHELLS,2048.0,1,2,2048.5,Paris,buy
78300,Charlie,Paris,RAINFOREST_RESIN,SEASHELLS,9992.0,1,2,10000.0,Charlie,buy
78300,Paris,Charlie,SQUID_INK,SEASHELLS,1788.0,1,2,1787.0,Paris,buy
78400,Penelope,Charlie,KELP,SEASHELLS,2049.0,5,2,2047.5,Penelope,buy
78400,Charlie,Penelope,RAINFOREST_RESIN,SEASHELLS,9992.0,6,2,10000.0,Charlie,buy
78400,Penelope,Charlie,SQUID_INK,SEASHELLS,1787.0,5,2,1785.5,Penelope,buy
78500,Camilla,Caesar,VOLCANIC_ROCK_VOUCHER_10000,SEASHELLS,198.0,14,2,198.5,Camilla,buy
78500,Camilla,Caesar,VOLCANIC_ROCK_VOUCHER_10250,SEASHELLS,47.0,14,2,47.5,Camilla,buy
78500,Camilla,Caesar,VOLCANIC_ROCK_VOUCHER_10500,SEASHELLS,6.0,14,2,6.5,Camilla,buy
78500,Camilla,Caesar,VOLCANIC_ROCK_VOUCHER_9500,SEASHELLS,679.0,14,2,679.5,Camilla,buy
78500,Camilla,Caesar,VOLCANIC_ROCK_VOUCHER_9750,SEASHELLS,431.0,14,2,431.5,Camilla,buy
78800,Charlie,Paris,RAINFOREST_RESIN,SEASHELLS,9999.0,1,2,9995.5,Charlie,buy
79000,Paris,Caesar,CROISSANTS,SEASHELLS,4265.0,8,2,4264.5,Paris,buy
79100,Paris,Caesar,DJEMBES,SEASHELLS,13483.0,4,2,13482.5,Paris,buy
79100,Charlie,Paris,KELP,SEASHELLS,2046.0,1,2,2048.0,Charlie,buy
79100,Charlie,Paris,SQUID_INK,SEASHELLS,1783.0,1,2,1784.5,Charlie,buy
79200,Caesar,Camilla,CROISSANTS,SEASHELLS,4263.0,8,2,4263.5,Caesar,buy
79300,Charlie,Gina,KELP,SEASHELLS,2046.0,10,2,2047.5,Charlie,buy
79300,Paris,Charlie,RAINFOREST_RESIN,SEASHELLS,10008.0,1,2,10000.0,Paris,buy
79300,Charlie,Gina,SQUID_INK,SEASHELLS,1781.0,10,2,1782.5,Charlie,buy
79400,Peter,Caesar,VOLCANIC_ROCK,SEASHELLS,10181.0,7,2,10180.5,Peter,buy
79600,Caesar,Paris,DJEMBES,SEASHELLS,13482.0,2,2,13483.0,Caesar,buy
79800,Paris,Charlie,MAGNIFICENT_MACARONS,SEASHELLS,638.0,6,2,633.5,Paris,buy
79800,Caesar,Pablo,VOLCANIC_ROCK,SEASHELLS,10178.0,1,2,10179.5,Caesar,buy
79900,Camilla,Gina,KELP,SEASHELLS,2046.0,2,2,2047.5,Camilla,buy
79900,Charlie,Gina,KELP,SEASHELLS,2046.0,5,2,2047.5,Charlie,buy
79900,Camilla,Gina,SQUID_INK,SEASHELLS,1780.0,2,2,1781.5,Camilla,buy
79900,Charlie,Gina,SQUID_INK,SEASHELLS,1780.0,5,2,1781.5,Charlie,buy
80000,Camilla,Pablo,VOLCANIC_ROCK_VOUCHER_10000,SEASHELLS,198.0,15,2,198.5,Camilla,buy
80000,Camilla,Pablo,VOLCANIC_ROCK_VOUCHER_10250,SEASHELLS,47.0,15,2,47.5,Camilla,buy
80000,Camilla,Pablo,VOLCANIC_ROCK_VOUCHER_10500,SEASHELLS,6.0,15,2,6.5,Camilla,buy
80000,Camilla,Pablo,VOLCANIC_ROCK_VOUCHER_9500,SEASHELLS,679.0,15,2,680.0,Camilla,buy
80000,Camilla,Pablo,VOLCANIC_ROCK_VOUCHER_9750,SEASHELLS,431.0,15,2,431.5,Camilla,buy
80100,Paris,Camilla,KELP,SEASHELLS,2048.0,1,2,2048.0,Paris,buy
80100,Paris,Camilla,SQUID_INK,SEASHELLS,1782.0,1,2,1782.0,Paris,buy
